
@article{haas_introduction_nodate,
	title = {“Introduction: Epistemic Communities and International Policy Coordination.},
	author = {Haas, Peter},
}

@collection{pluet-despatin_belle_2002,
	location = {Paris},
	title = {La Belle Epoque des revues, 1880-1914},
	isbn = {978-2-908295-61-0},
	series = {Collection "In octavo"},
	pagetotal = {439},
	publisher = {Editions de l'{IMEC}},
	editor = {Pluet-Despatin, Jacqueline and Leymarie, Michel and Mollier, Jean-Yves and Institut Mémoires de l'édition contemporaine},
	date = {2002},
	keywords = {19th century, 20th century, Congresses, French periodicals, History},
}

@book{farge_gout_1989,
	location = {Paris},
	title = {Le goût de l'archive},
	isbn = {978-2-02-010881-2},
	series = {La Librairie du {XXe} siècle},
	pagetotal = {152},
	publisher = {Editions du Seuil},
	author = {Farge, Arlette},
	date = {1989},
	keywords = {Archives},
}

@book{noauthor_matters_2008,
	title = {Matters of Exchange: Commerce, Medicine, and Science in the Dutch Golden Age},
	isbn = {978-0-300-13492-6},
	url = {https://www.degruyter.com/doi/book/10.12987/9780300134926},
	shorttitle = {Matters of Exchange},
	abstract = {In this wide-ranging and stimulating book, a leading authority on the history of medicine and science presents convincing evidence that Dutch commerce-not religion-inspired the rise of science in the sixteenth and seventeenth centuries. Harold J. Cook scrutinizes a wealth of historical documents relating to the study of medicine and natural history in the Netherlands and elsewhere in Europe, Brazil, South Africa, and Asia during this era, and his conclusions are fresh and exciting. He uncovers direct links between the rise of trade and commerce in the Dutch Empire and the flourishing of scientific investigation.Cook argues that engaging in commerce changed the thinking of Dutch citizens, leading to a new emphasis on such values as objectivity, accumulation, and description. The preference for accurate information that accompanied the rise of commerce also laid the groundwork for the rise of science globally, wherever the Dutch engaged in trade. Medicine and natural history were fundamental aspects of this new science, as reflected in the development of gardens for both pleasure and botanical study, anatomical theaters, curiosity cabinets, and richly illustrated books about nature. Sweeping in scope and original in its insights, this book revises previous understandings of the history of science and ideas.},
	urldate = {2021-06-15},
	date = {2008},
	note = {{OCLC}: 1024051650},
}

@thesis{suremain_de_afrique_2001,
	title = {L' Afrique en revues : le discours africaniste français, des sciences coloniales aux sciences sociales (anthropologie, ethnologie, géographie humaine, sociologie), 1919-1964},
	url = {https://www.theses.fr/2001PA070043},
	abstract = {Le discours africaniste français produit par l'anthropologie, l'ethnologie, la géographie humaine et la sociologie, entre la fin de la Première Guerre mondiale ou l'apogée de la colonisation, et le début des années 60, au moment des indépendances des territoires africains, fait partie de la "bibliothèque coloniale" dont nous avons hérité et qui conditionne encore notre vision actuelle de l'Afrique. C'est pourquoi il est important d'en faire une histoire critique, examinant les rapports entre le pouvoir colonial et la construction de ce savoir scientifique, d'autant que ces représentations de l'Afrique ont servi à légitimer la politique coloniale. Ce discours africaniste a été produit dans les années 1920 essentiellement par des cadres coloniaux, des amateurs de la recherche sans formation ni spécialisation disciplinaire très cohérente, mais à partir des années 1930 une certaine professionnalisation du discours scientifique a été rendue possible par la constitution de réseaux de savants et d'institutions académiques, qui ont gagné en autonomie par rapport au pouvoir colonial. Le travail de terrain est devenu un critère légitimant de validité du savoir scientifique produit et la monographie la forme dominante d'écriture scientifique. Les années cinquante marquent une césure forte dans cette histoire, des scientifiques professionnels proposant une appréhension de l'Afrique en rupture radicale avec les stéréotypes dominants du discours africaniste. L'accent porté sur la situation coloniale de l'Afrique permet de relire les rapports sociaux et l'organisation des territoires en Afrique, de montrer la modernité de ce continent et d'en dégager une vision politique. L'organisation de la recherche en aires culturelles dans les années 1950 accroît le nombre de chercheurs africanistes mais, par le cloisonnement qu'elle instaure par rapport aux autres aires culturelles, ne se défait pas complètement du risque d'une approche exotique de l'Afrique.},
	institution = {Paris 7 - Diderot},
	type = {phdthesis},
	author = {Suremain (de), Marie-Albane},
	date = {2001},
}

@article{noauthor_notitle_nodate,
}

@book{noauthor_livre_1991,
	location = {Paris},
	title = {Le livre concurrencé: 1900 - 1950},
	isbn = {978-2-213-02666-4},
	series = {Histoire de l' édition française},
	shorttitle = {Le livre concurrencé},
	pagetotal = {724},
	number = {4},
	publisher = {Fayard, Cercle de la Librairie},
	date = {1991},
}

@book{noauthor_temps_1990,
	location = {Paris},
	title = {Le temps des éditeurs: du romantisme à la Belle Époque},
	isbn = {978-2-213-02558-2},
	series = {Histoire de l' édition française},
	shorttitle = {Le temps des éditeurs},
	pagetotal = {669},
	number = {3},
	publisher = {Fayard, Cercle de la Librairie},
	date = {1990},
}

@book{csiszar_scientific_2018,
	location = {Chicago},
	edition = {University of Chicago Press},
	title = {The Scientific Journal. Authorship and the Politics of Knowledge in the Nineteenth Century},
	pagetotal = {368},
	author = {Csiszar, Alex},
	date = {2018},
}

@article{guedon_lhistoire_2017,
	title = {L’histoire de la forme revue au prisme de l’histoire de la « grande conversation scientifique »: Entretien avec Jean-Claude Guédon réalisé par Alain Loute, préparé avec l’aide de Caroline Glorie, Thomas Franck et Andrea Cavazzini.},
	issn = {1775-3902},
	url = {http://journals.openedition.org/grm/912},
	doi = {10.4000/grm.912},
	shorttitle = {L’histoire de la forme revue au prisme de l’histoire de la « grande conversation scientifique »},
	number = {12},
	journaltitle = {Cahiers du {GRM}},
	shortjournal = {grm},
	author = {Guédon, Jean-Claude and Loute, Alain},
	urldate = {2021-06-15},
	date = {2017-12-31},
}

@article{julliard_monde_1987,
	title = {Le monde des revues au début du siècle},
	pages = {3--9},
	number = {5},
	journaltitle = {Cahiers Georges Sorel},
	author = {Julliard, Jacques},
	date = {1987},
}

@article{coquery-vidrovitch_colonisation_1979,
	title = {Colonisation ou imperialisme: la politique africaine de la France entre les deux guerres},
	issn = {00272671},
	url = {https://www.jstor.org/stable/10.2307/3777701?origin=crossref},
	doi = {10.2307/3777701},
	shorttitle = {Colonisation ou imperialisme},
	pages = {51},
	number = {107},
	journaltitle = {Le Mouvement social},
	shortjournal = {Le Mouvement social},
	author = {Coquery-Vidrovitch, Catherine},
	urldate = {2021-06-15},
	date = {1979-04},
}

@book{bonneuil_savants_1991,
	location = {Paris},
	title = {Des savants pour l'empire: la structuration des recherches scientifiques coloniales au temps de "la mise en valeur des colonies françaises": 1917-1945},
	isbn = {978-2-7099-1069-9},
	series = {Collection Etudes et thèses},
	shorttitle = {Des savants pour l'empire},
	pagetotal = {125},
	publisher = {Editions de l'{ORSTOM}},
	author = {Bonneuil, Christophe},
	date = {1991},
	keywords = {Colonies History, France, Research, Science},
}

@book{said_orientalism_1979,
	location = {New York},
	edition = {1st Vintage Books ed},
	title = {Orientalism},
	isbn = {978-0-394-74067-6},
	pagetotal = {368},
	publisher = {Vintage Books},
	author = {Said, Edward W.},
	date = {1979},
	keywords = {Asia, East and West, Foreign public opinion, Occidental, Imperialism, Middle East, Orientalism, Study and teaching},
}

@article{singaravelou_les_2012,
	title = {Les stratégies d'internationalisation de la question coloniale et la construction transnationale d'une science de la colonisation à la fin du xix $^{\textrm{e}}$ siècle},
	volume = {1},
	issn = {2261-6268, 2260-7927},
	url = {http://www.cairn.info/revue-mondes-2012-1-page-135.htm},
	doi = {10.3917/mond.121.0135},
	pages = {135},
	number = {1},
	journaltitle = {Monde(s)},
	author = {Singaravélou, Pierre},
	urldate = {2021-06-11},
	date = {2012},
	langid = {french},
}

@incollection{mandressi_reseaux_2007,
	location = {Paris},
	title = {Réseaux, généalogies, contrats : collectifs savants},
	volume = {1},
	volumes = {2},
	pages = {605--615},
	booktitle = {Les lieux de savoir. Espaces et communautés},
	publisher = {Albin Michel},
	author = {Mandressi, Rafael},
	date = {2007},
}

@incollection{latour_pensee_2007,
	location = {Paris},
	title = {Pensée retenue, Pensée distrbuée},
	volume = {1},
	volumes = {2},
	pages = {605--615},
	booktitle = {Les lieux de savoir. Espaces et communautés},
	publisher = {Albin Michel},
	author = {Latour, Bruno},
	date = {2007},
}

@article{heller_decrire_2009,
	title = {Décrire les exotismes : quelques propositions},
	issn = {0014-2026, 2296-5084},
	url = {http://journals.openedition.org/edl/447},
	doi = {10.4000/edl.447},
	shorttitle = {Décrire les exotismes},
	pages = {317--348},
	number = {2},
	journaltitle = {Études de lettres},
	shortjournal = {edl},
	author = {Heller, Leonid},
	urldate = {2021-05-29},
	date = {2009-09-15},
}

@book{canguilhem_normal_1978,
	location = {Dordrecht, Holland ; Boston},
	title = {On the normal and the pathological},
	isbn = {978-90-277-0907-3 978-90-277-0908-0},
	series = {Studies in the history of modern science},
	pagetotal = {208},
	number = {v. 3},
	publisher = {D. Reidel Pub. Co},
	author = {Canguilhem, Georges},
	date = {1978},
	keywords = {Medicine, Pathology, Philosophy},
}

@article{pandey_provincializing_2002,
	title = {Provincializing Europe: Postcolonial Thought and Historical Difference (review)},
	volume = {13},
	issn = {1527-8050},
	url = {http://muse.jhu.edu/content/crossref/journals/journal_of_world_history/v013/13.2pandey.html},
	doi = {10.1353/jwh.2002.0048},
	shorttitle = {Provincializing Europe},
	pages = {504--506},
	number = {2},
	journaltitle = {Journal of World History},
	shortjournal = {Journal of World History},
	author = {Pandey, Gyanendra},
	urldate = {2021-05-28},
	date = {2002},
	langid = {english},
}

@article{tesniere_les_2014,
	title = {Les revues médicales depuis 1800},
	volume = {135},
	issn = {0035-1776, 1955-2343},
	url = {http://link.springer.com/10.1007/s11873-014-0252-4},
	doi = {10.1007/s11873-014-0252-4},
	pages = {203--219},
	number = {2},
	journaltitle = {Revue de Synthèse},
	shortjournal = {Rev synth},
	author = {Tesnière, Valérie and Cantau, Alina},
	urldate = {2021-05-28},
	date = {2014-09},
	langid = {french},
}

@book{mollier_argent_1988,
	location = {Paris},
	title = {L'argent et les lettres: histoire du capitalisme d'édition, 1880-1920},
	isbn = {978-2-213-02223-9},
	shorttitle = {L'argent et les lettres},
	pagetotal = {549},
	publisher = {Fayard},
	author = {Mollier, Jean-Yves},
	date = {1988},
	keywords = {19th century, 20th century, Authors and publishers, Authorship, Economic aspects History, France, History, Publishers and publishing},
}

@article{seth_colonial_2017,
	title = {Colonial History and Postcolonial Science Studies},
	volume = {2017},
	issn = {0163-6545, 1534-1453},
	url = {https://read.dukeupress.edu/radical-history-review/article/2017/127/63-85/22485},
	doi = {10.1215/01636545-3690882},
	pages = {63--85},
	number = {127},
	journaltitle = {Radical History Review},
	shortjournal = {Radical History Review},
	author = {Seth, Suman},
	urldate = {2021-05-27},
	date = {2017-01},
	langid = {english},
}

@article{quenet_dominique_2015,
	title = {Dominique Pestre À contre-science. Politiques et savoirs des sociétés contemporaines Paris, Éd. du Seuil, 2013, 250 p.},
	volume = {70},
	issn = {0395-2649, 1953-8146},
	url = {https://www.cambridge.org/core/product/identifier/S0395264900008398/type/journal_article},
	doi = {10.1353/ahs.2015.0039},
	pages = {537--539},
	number = {2},
	journaltitle = {Annales. Histoire, Sciences Sociales},
	shortjournal = {Annales},
	author = {Quenet, Grégory},
	urldate = {2021-05-27},
	date = {2015-06},
	langid = {english},
}

@article{charmasson_archives_2006,
	title = {Archives scientifiques ou archives des sciences : des sources pour l’histoire},
	issn = {1298-9800, 1955-2408},
	url = {http://journals.openedition.org/histoire-cnrs/1790},
	doi = {10.4000/histoire-cnrs.1790},
	shorttitle = {Archives scientifiques ou archives des sciences},
	number = {14},
	journaltitle = {La Revue pour l’histoire du {CNRS}},
	shortjournal = {histoire-cnrs},
	author = {Charmasson, Thérèse},
	urldate = {2021-05-27},
	date = {2006-05-03},
}

@book{bert_quest-ce_2014,
	location = {Marseille},
	title = {Qu'est-ce qu'une archive de chercheur},
	isbn = {978-2-8218-3462-0 978-2-8218-3461-3},
	abstract = {Au cours de sa carrière, un chercheur est amené à produire, consulter et conserver différents types de documents. Carnets, agendas, brouillons de toutes formes, livres annotés forment bien souvent la grande partie des fonds d'archives disponibles. La prise en compte et l'étude de ces documents témoignent d'une activité prenante, mais permettent surtout de saisir les évolutions, les tâtonnements et les manières de faire propres à tel ou tel chercheur. En décidant d'explorer certaines pratiques concrètes qui se matérialisent dans les archives, Jean-François Bert met l'accent sur l'aspect ordinaire de l'activité savante afin de comprendre le processus de la recherche, dans sa singularité et souvent sa grande complexité. Cet ouvrage, synthétique et richement documenté, donne les outils essentiels à une meilleure compréhension et à un usage profondément renouvelé des archives de chercheur. Cet ouvrage a été réalisé avec le soutien du Labex Hastec.},
	publisher = {{OpenEdition} Press},
	author = {Bert, Jean-François},
	date = {2014},
	note = {{OCLC}: 889447379},
}

@article{chabin_opposition_2012,
	title = {L'opposition millénaire archives/bibliothèques a-t-elle toujours un sens à l'ère du numérique?},
	url = {https://bbf.enssib.fr/consulter/bbf-2012-05-0026-006},
	pages = {26--30},
	number = {5},
	journaltitle = {Bulletin des bibliothèques de France ({BBF})},
	author = {Chabin, Marie-Anne},
	date = {2012},
}

@article{boudon-millot_medical_2020,
	title = {Medical Heritage Library: La plus grande bibliothèque médicale numérique du monde},
	volume = {36},
	issn = {0767-0974, 1958-5381},
	url = {https://www.medecinesciences.org/10.1051/medsci/2020162},
	doi = {10.1051/medsci/2020162},
	shorttitle = {\textit{Medical Heritage Library}},
	abstract = {À l’heure où l’accès libre et gratuit aux ressources numériques est devenu un enjeu majeur, le but de cette présentation est d’introduire le lecteur à la visite de deux outils informatiques incontournables : la bibliothèque numérique Medica fondée en France dès 2000 et la
              Medical Heritage Library
              , premier consortium nord-américain mondial regroupant l’essentiel des ressources en histoire de la médecine tombées dans le domaine public.},
	pages = {924--928},
	number = {10},
	journaltitle = {médecine/sciences},
	shortjournal = {Med Sci (Paris)},
	author = {Boudon-Millot, Véronique and Vincent, Jean-François},
	urldate = {2021-05-26},
	date = {2020-10},
}

@article{van_beusekom_science_1996,
	title = {Science and Empire - Des savants pour l'empire: la structuration des recherches scientifiques coloniales au temps de la ‘mise en valeur des colonies françaises’ 1917–1945. By Christophe Bonneuil. Paris: Editions de l'{ORSTOM}, 1991. Pp. 125. No price given ({ISBN} 2-7099-1069-1; {ISSN} 0767-2888).},
	volume = {37},
	issn = {0021-8537, 1469-5138},
	url = {https://www.cambridge.org/core/product/identifier/S0021853700035659/type/journal_article},
	doi = {10.1017/S0021853700035659},
	shorttitle = {Science and Empire - Des savants pour l'empire},
	pages = {501--502},
	number = {3},
	journaltitle = {The Journal of African History},
	shortjournal = {J. Afr. Hist.},
	author = {Van Beusekom, Monica M.},
	urldate = {2021-05-26},
	date = {1996-11},
	langid = {english},
}

@article{sibeud_les_2004,
	title = {Les sciences sociales à l'épreuve de la situation coloniale},
	volume = {10},
	issn = {1622-468X, 1963-1022},
	url = {http://www.cairn.info/revue-histoire-des-sciences-humaines-2004-1-page-3.htm},
	doi = {10.3917/rhsh.010.0003},
	pages = {3},
	number = {1},
	journaltitle = {Revue d'Histoire des Sciences Humaines},
	author = {Sibeud, Emmanuelle},
	urldate = {2021-05-26},
	date = {2004},
	langid = {french},
}

@article{moulin_ethique_2008,
	title = {Ethique médicale et cultures du monde},
	abstract = {Le centenaire de la Société de pathologie exotique amène à s’interroger sur la pertinence de l’ap- pellation exotique pour la pathologie, à l’ère de la mondialisation. C’est aussi l’occasion de discuter le pluralisme des valeurs éthiques, qui, né d’un souci louable de reconnaître à égalité la différence des cultures, a conduit néanmoins à la sous-estimation de la part des inégalités socioéconomiques dans ces divergences apparentes, à un relativisme éthique discutable et à une impasse dont seule une analyse anthropologique concrète peut nous tirer.},
	pages = {227--231},
	journaltitle = {Bulletin de la Société de Pathologie Exotique},
	author = {Moulin, Anne-Marie},
	date = {2008},
}

@incollection{duclert_les_2002,
	edition = {{IMEC}},
	title = {les revues scientifiques et la dynamique de la recherche},
	series = {In Octavo},
	booktitle = {La belle époque des revues. 1880-1914},
	author = {Duclert, Vincent and Rasmussen, Anne},
	date = {2002},
}

@article{meyer__2011,
	title = {« Communautés épistémiques » : une notion utile pour théoriser les collectifs en sciences ?},
	volume = {n° 18},
	issn = {1627-9506, 2104-3779},
	url = {http://www.cairn.info/revue-terrains-et-travaux-2011-1-page-141.htm?ref=doi},
	doi = {10.3917/tt.018.0141},
	shorttitle = {« Communautés épistémiques »},
	pages = {141},
	number = {1},
	journaltitle = {Terrains \& travaux},
	author = {Meyer, Morgan and Molyneux-Hodgson, Susan},
	urldate = {2021-05-18},
	date = {2011},
	langid = {french},
}

@book{tesniere_au_2021,
	title = {Au bureau de la revue: une histoire de la publication scientifique, {XIX}-{XXe} siecle},
	isbn = {978-2-7132-2880-3},
	shorttitle = {Au bureau de la revue},
	abstract = {La 4e de couv. indique : "Entre histoire des sciences et histoire de l'édition, Valérie Tesnière retrace une histoire de la publication scientifique et des ressorts du travail intellectuel, de la fin du {XVIIIe} siècle aux mutations numériques d'aujourd'hui. « Au bureau de la revue » est une adresse figurant sur les revues savantes au {XIXe} siècle, qui désigne aussi bien la rédaction scientifique que le lieu de diffusion. Le livre interroge le collectif qui se trouve derrière cette expression, ses aspirations et les tensions qui le traversent. La revue suscite un large engouement au lendemain de la Révolution française : la vie scientifique se structure désormais autour de la publication. Élément central de la science en construction, la revue traduit le mouvement de la recherche comme sa dimension collective. Auteurs et éditeurs s'allient pour renforcer la diffusion de ce qui devient le support privilégié des échanges du monde académique, donnant naissance à une nouvelle économie de la connaissance. Centré sur l'exemple de la production française éclairé par le contexte international, Au bureau de la revue approfondit les rôles des différents acteurs de la chaîne de publication ainsi que les fonctions et les formes éditoriales des publications, actuellement bousculées par le numérique."},
	author = {Tesnière, Valérie},
	date = {2021},
	note = {{OCLC}: 1242938282},
}

@article{ketelaar_de_2006,
	title = {(Dé) Construire l'archive},
	volume = {N° 82},
	issn = {0769-3206, 1952-4226},
	url = {http://www.cairn.info/revue-materiaux-pour-l-histoire-de-notre-temps-2006-2-page-65.htm?ref=doi},
	doi = {10.3917/mate.082.0065},
	pages = {65},
	number = {2},
	journaltitle = {Matériaux pour l histoire de notre temps},
	author = {Ketelaar, Eric},
	urldate = {2021-05-17},
	date = {2006},
	langid = {french},
}

@book{doueihi_quest_2013,
	location = {Paris},
	title = {Qu'est ce que le numérique},
	isbn = {978-2-13-062718-0},
	publisher = {Presses universitaires de France},
	author = {Doueihi, Milad},
	date = {2013},
	note = {{OCLC}: 880572200},
}

@online{clavert_gout_2019,
	title = {Le goût de l'archive à l'ère numérique},
	url = {https://laviedesidees.fr/Le-gout-de-l-archive-a-l-ere-numerique.html},
	titleaddon = {La vie des idées},
	author = {Clavert, Frédéric and Muller, Caroline},
	urldate = {2021-05-10},
	date = {2019-06-21},
}

@inproceedings{dawar_comparing_2019,
	location = {Charlottesville, {VA}, {USA}},
	title = {Comparing Topic Modeling and Named Entity Recognition Techniques for the Semantic Indexing of a Landscape Architecture Textbook},
	isbn = {9781728109985},
	url = {https://ieeexplore.ieee.org/document/8735642/},
	doi = {10.1109/SIEDS.2019.8735642},
	eventtitle = {2019 Systems and Information Engineering Design Symposium ({SIEDS})},
	pages = {1--6},
	booktitle = {2019 Systems and Information Engineering Design Symposium ({SIEDS})},
	publisher = {{IEEE}},
	author = {Dawar, Kanika and Samuel, Ashwanth J. and Alvarado, Raf},
	urldate = {2021-05-09},
	date = {2019-04},
}

@article{bingenheimer_markup_nodate,
	title = {Markup meets {GIS} -
Visualizing the ‘Biographies of Eminent Buddhist Monks’},
	url = {http://dh.obdurodon.org/GaosengZhuanGIS.pdf},
	author = {Bingenheimer, Marcus and Hung, Jen-Jou and Wiles, Simon},
}

@online{noauthor_historical_nodate,
	title = {Historical Personography},
	url = {https://mapoflondon.uvic.ca/historical_personography.htm},
	titleaddon = {Early Modern Map of London},
}

@article{hedley_prototyping_2018,
	title = {Prototyping Personography for The Yellow Nineties Online
Queering and Querying History in the Digital Age},
	url = {https://dhdebates.gc.cuny.edu/read/untitled-4e08b137-aec5-49a4-83c0-38258425f145/section/8e224811-5779-4444-9dbf-011f71cb1d4b},
	abstract = {Bodies of information : intersectional feminism and digital humanities},
	journaltitle = {Debates in the Digital Humanities},
	author = {Hedley, Alison and Kooistra, Lorraine Janzen},
	editor = {Wernimont, Jacqueline and Losh, Elizabeth},
	date = {2018},
}

@book{martin_rapport_1909,
	location = {Paris},
	title = {Rapport de la Mission d'études de la Maladie du Sommeil au Congo français. 1906-1908},
	publisher = {Masson \& Cie},
	author = {Martin, Gustave and Leboeuf, Alphonse and Roubaud, Emile},
	date = {1909},
	note = {Sous la commande de la Société de Géographie},
}

@book{cook_rise_2014,
	location = {St Albans},
	title = {The rise and fall of a medical specialty: London's clinical tropical medicine},
	isbn = {978-0-9560598-4-0},
	shorttitle = {The rise and fall of a medical specialty},
	abstract = {In the late nineteenth century it became clear to the British government that health hazards facing those serving in warmer climates, particularly West Africa, were unacceptable. This led to the origin of a new clinical specialty - tropical medicine. Until the Great War (1914-18), the discipline flourished not only in Britain but in every country with possessions in a warm climate. However, in the 1920s, for reasons outlined in this book, tropical medicine in London became incorporated into the nascent School of Hygiene, established primarily with American finance. The essential clinical component was largely ignored and was continued by the Seamen's Hospital Society and subsequently the National Health Service. This separation, both geographically and administratively, led to a divorce of the clinical component from the basic sciences, each of which was in effect under control of a separate body. Although the London School of Hygiene (and Tropical Medicine) has survived intact, the clinical component has undergone an irreversible downhill trend. This book explores the origins and subsequent decline of what is more appropriately designated colonial medicine.},
	publisher = {Tropzam},
	author = {Cook, G. C},
	date = {2014},
	note = {{OCLC}: 923839807},
}

@book{noauthor_notitle_nodate-1,
}

@article{grover_named_2008,
	title = {Named Entity Recognition for Digitised Historical Texts},
	url = {http://www.lrec-conf.org/proceedings/lrec2008/pdf/342_paper.pdf},
	series = {European Language Resources Association ({ELRA})},
	abstract = {We describe and evaluate a prototype system for recognising person and place names in digitised records of British parliamentary proceedings from the late 17th and early 19th centuries. The output of an {OCR} engine is the input for our system and we describe certain issues and errors in this data and discuss the methods we have used to overcome the problems. We describe our rule-based named entity recognition system for person and place names which is implemented using the {LT}-{XML}2 and {LT}-{TTT}2 text processing tools. We discuss the annotation of a development and testing corpus and provide results of an evaluation of our system on the test corpus.},
	journaltitle = {Proceedings of the Sixth International Conference on Language Resources and Evaluation ({LREC}'08)},
	author = {Grover, Claire and Givon, Sharon and Tobin, Richard and Ball, Julian},
	date = {2008},
}

@article{latham_rise_2006,
	title = {The Rise of Periodical Studies},
	volume = {121},
	issn = {0030-8129, 1938-1530},
	url = {https://www.cambridge.org/core/product/identifier/S0030812900099429/type/journal_article},
	doi = {10.1632/003081206X129693},
	abstract = {Within or alongside the larger field of print culture, a new area for scholarship is emerging in the humanities and the more humanistic social sciences: periodical studies. This development is being driven by the cultural turn in departments of language and literature, by the development of digital archives that allow for such studies on a broader scale than ever before, and by what the producers of the Spectator Project have called “the special capabilities of the digital environment” (Center). Literary and historical disciplines engaged with the study of modern culture are finding in periodicals both a new resource and a pressing challenge to existing paradigms for the investigation of Enlightenment, nineteenth-century, and modern cultures. The forms of this new engagement range from Cary Nelson's suggestion, in
              Repression and Recovery,
              that periodicals should be read as texts that have a unity different from but comparable with that of individual books (219) to the organization of groups like the Research Society for Victorian Periodicals, founded in 1968, and the more recently established Research Society for American Periodicals. Every year new books are appearing that emphasize peri–odicals and investigate the ways in which modern literature and the arts are connected to the culture of commerce and advertising and to the social, political, and scientific issues of the time.},
	pages = {517--531},
	number = {2},
	journaltitle = {{PMLA}/Publications of the Modern Language Association of America},
	shortjournal = {Publ. Mod. Lang. Assoc. Am.},
	author = {Latham, Sean and Scholes, Robert},
	urldate = {2021-03-31},
	date = {2006-03},
	langid = {english},
}

@article{thompson_customised_2015,
	title = {Customised {OCR} Correction for Historical Medical Text},
	volume = {1},
	pages = {35--42},
	number = {2},
	journaltitle = {Digital Heritage},
	author = {Thompson, Paul and {McNaught}, John and Ananiadou, Sophia},
	date = {2015},
}

@article{daems_digital_2019,
	title = {Digital Approaches Towards Serial Publications},
	volume = {1},
	issn = {{ISSN} 2506-6587},
	url = {https://ojs.ugent.be/jeps/article/view/11796},
	pages = {1--8},
	number = {4},
	journaltitle = {Journal of European Periodical Studies,},
	author = {Daems, Joke},
	date = {2019},
}

@article{jimenezbadillo_developing_nodate,
	title = {Developing Geographically Oriented {NLP} Approaches to Sixteenth–Century Historical Documents: Digging into Early Colonial Mexico},
	url = {http://digitalhumanities.org/dhq/vol/14/4/000490/000490.html#liceras-garrido2019},
	abstract = {This article introduces an ongoing Digital Humanities project aimed at leveraging the benefits of Natural Language Processing, Corpus Linguistics, Machine Learning, and Spatial Analysis for advancing the computational analysis of vast historical corpora. As a case study, the project concentrates on the Relaciones Geográficas de la Nueva España (1577–1585), one of the key corpora for understanding the early colonial period of Mexico.

Using a computer–assisted methodology called Geographical Text Analysis ({GTA}), the project offers automatic means for parsing historical texts and the markup of words referring both to place names (toponyms) and analytical concepts that are then linked to their geographic locations. Adding geospatial intelligence to the parsing of texts allows exploring hidden geographies and narratives in the historic corpus. The article provides a general overview of the corpus, describes the {GTA} methodology step by step, and reports on the progress achieved so far.},
	author = {Jiménez–Badillo, Diego},
}

@article{chanet_soigner_2016,
	title = {Soigner les soldats : pratiques et expertises à l’ère des masses},
	volume = {257},
	issn = {0027-2671, 1961-8646},
	url = {http://www.cairn.info/revue-le-mouvement-social-2016-4-page-3.htm},
	doi = {10.3917/lms.257.0003},
	shorttitle = {Soigner les soldats},
	pages = {3},
	number = {4},
	journaltitle = {Le Mouvement Social},
	author = {Chanet, Jean-François and Fredj, Claire and Rasmussen, Anne},
	urldate = {2021-03-25},
	date = {2016},
	langid = {french},
}

@article{kerneis_en_1986,
	title = {En lisant l'histoire des médecins et des pharmaciens de marine et des colonies, de Pierre Pluchon et ses co-auteurs},
	volume = {275},
	url = {https://www.jstor.org/stable/40954375},
	pages = {445--465},
	number = {2},
	journaltitle = {Revue historique},
	author = {Kernéis, Jean-{PIerre}},
	date = {1986},
}

@article{arie_opinion_1954,
	title = {L'opinion publique en France et l'affaire de Fachoda},
	volume = {41},
	issn = {0399-1385},
	url = {http://www.persee.fr/web/revues/home/prescript/article/outre_0399-1385_1954_num_41_144_1221},
	doi = {10.3406/outre.1954.1221},
	pages = {329--367},
	number = {144},
	journaltitle = {Revue d'histoire des colonies},
	author = {Arié, Rachel},
	urldate = {2018-02-12},
	date = {1954},
	langid = {french},
}

@book{debonne_lecole_2013,
	location = {Marseille},
	edition = {{ASNOM}},
	title = {L'école du Pharo 1905-2013 /},
	pagetotal = {64},
	author = {Debonne, Jean-Marc},
	date = {2013},
}

@incollection{geisser_introduction_nodate,
	title = {Introduction, La démocratisation contre la démocratie},
	author = {Geisser, Vincent and Dabène, Olivier and Massardier, Gilles},
	keywords = {Authoritarianism, Democracies and Authoritarian Regimes Political Essays, Democracy},
}

@book{noauthor_education_2016,
	location = {Place of publication not identified},
	title = {Education and global cultural dialogue: a tribute to ruth hayhoe.},
	isbn = {978-1-349-34272-3},
	shorttitle = {Education and global cultural dialogue},
	publisher = {Palgrave Macmillan},
	date = {2016},
	note = {{OCLC}: 951513727},
}

@article{popa_diplomaties_2017,
	title = {Diplomaties culturelles occidentales en conjoncture de détente. Le lancement d’un programme d’échanges académiques Est-Ouest à la 6e Section de l’{EPHE}},
	volume = {n° 169},
	issn = {0335-2013},
	url = {https://www.cairn.info/revue-relations-internationales-2017-1-page-69.htm},
	abstract = {L’article examine l’action conjointe d’acteurs publics et privés ayant œuvré dans différents espaces nationaux occidentaux en faveur d’échanges académiques Est-Ouest au moment du dégel. Il vise à encastrer la politique d’internationalisation scientifique d’une institution académique précise dans des diplomaties culturelles occidentales définies à des échelles plus amples qui à la fois lui offrent des moyens d’action et la soumettent à des contraintes. Concrètement, l’article analyse les conditions de lancement à la 6e Section de l’École Pratique des Hautes Études d’un programme d’échanges académiques en direction d’Europe de l’Est au milieu des années 1950. Il situe cette initiative à la jonction des politiques culturelles extérieures déployées par l’État français et par une fondation philanthropique américaine, la Fondation Ford, et interroge ses connexions avec la diplomatie publique des États-Unis. Cette étude de cas permet d’observer la (re)définition des stratégies occidentales de Guerre froide intellectuelle et les conditions de la mise en place de différents circuits d’internationalisation scientifique Est-Ouest lors de la détente.},
	pages = {69--86},
	number = {1},
	journaltitle = {Relations internationales},
	author = {Popa, Ioana},
	urldate = {2019-02-10},
	date = {2017-06-27},
	langid = {french},
}

@article{lemercier_analyse_2005,
	title = {Analyse de résaux en histoire},
	volume = {52-2},
	issn = {0048-8003},
	url = {https://www.cairn.info/revue-d-histoire-moderne-et-contemporaine-2005-2-page-88.htm},
	pages = {88--112},
	number = {2},
	journaltitle = {Revue d’histoire moderne et contemporaine},
	author = {Lemercier, Claire},
	date = {2005},
	note = {{OCLC}: 7293813425},
}

@collection{cesari_les_2003,
	location = {Arras},
	title = {Les relations franco-chinoises au vingtième siècle et leurs antécédents},
	isbn = {978-2-910663-87-2},
	series = {Collection Histoire},
	pagetotal = {290},
	publisher = {Artois Presses Univ},
	editor = {Cesari, Laurent},
	date = {2003},
	note = {{OCLC}: 237811414},
}

@article{olutayo_money_2017,
	title = {Money drain, the diaspora remittance issues and higher education in Nigeria},
	volume = {5},
	issn = {2296-5165},
	abstract = {Dans le monde entier, le rôle de l’éducation dans le développement des sociétés ne saurait être mis en question. L’éducation formelle a toutefois un coût. Elle nécessite des investissements certains si l’individu, la collectivité et le gouvernement souhaitent en tirer les meilleurs bénéfices. La part des investissements consacrés à l’éducation par le gouvernement nigérian ne cesse de s’amenuiser même s’il s’efforce de déve-lopper et règlementer l’accès à l’éducation. Les étudiants continuent de migrer en masse pour poursuivre leur formation à l’étranger. Cet article, en s’appuyant majoritairement sur des données secondaires, montre comment le phénomène de la fuite des cerveaux perpétue celui du money drain malgré l’accréditation régulière d’universités privées relativement abordables sur le sol nigérian. Les diasporas et le phénomène du money drain sont intimement liés.},
	pages = {13},
	number = {1},
	journaltitle = {Journal of international Mobility},
	author = {Olutayo, A.O},
	date = {2017},
	note = {{OCLC}: 7813931029},
}

@book{remy_chine_2008,
	location = {Paris},
	title = {La Chine: journal de Pékin, 1963-2008},
	isbn = {978-2-7381-2195-0},
	shorttitle = {La Chine},
	pagetotal = {846},
	publisher = {O. Jacob},
	author = {Rémy, Pierre-Jean},
	date = {2008},
	keywords = {1949-, China, Description and travel, History},
}

@article{riguet_faire_2017,
	title = {Faire figure d’autorité : l’analyse de réseaux appliquée au discours},
	url = {https://www.openscience.fr/Faire-ﬁgure-d-autorite-l-analyse-de-reseaux-appliquee-au-discours},
	number = {1},
	journaltitle = {Analyses et méthodes formelles pour les humanités numériques},
	author = {Riguet, Marine and Abi-Haidar, Alaa},
	date = {2017},
}

@legislation{noauthor_loi_nodate,
	title = {Loi relative à la protection de la santé publique},
}

@mvbook{brouardel_traite_1906,
	title = {Traité d'hygiène. Hygiène coloniale.},
	volume = {11},
	abstract = {P. Brouardel = professeur à la fac de Paris + Membre institut
E. Mosny = Médecin de l'hôpital St Antoine

Alliot = méd {TC}
Clarac = Dir Pharo 
Fontoynot = prof école de médecine de Tananarive
Kermorgant= Insp g {SSC}
Marchoux = Med {TC}
Noc = Med {TC}
Ed et Et Sergent  = {IP}
Simond = Prof Pharo 
Wurtz = Prof agrégé fac de med Paris},
	volumes = {15},
	author = {Alliot and Clarac, Albert and Fontoynot and Kermorgant, Alexandre and Marchoux, Emile and Noc, F and Sergent, Edmond and Sergent, Etienne and Simond, Paul-Louis and Wurtz, R},
	editorb = {Brouardel, P and Mosny, E},
	editorbtype = {redactor},
	date = {1906},
}

@mvbook{brouardel_traite_1906-1,
	title = {Traité d'hygiène},
	volume = {1},
	abstract = {P. Brouardel = professeur à la fac de Paris + Membre institut
E. Mosny = Médecin de l'hôpital St Antoine},
	volumes = {15},
	author = {Courmont, J and Lesieur, Ch},
	editorb = {Brouardel, P and Mosny, E},
	editorbtype = {redactor},
	date = {1906},
}

@article{lamy_autonomie_2006,
	title = {L'autonomie scientifique face à la mercantilisation. Formes d'engagement entrepreneurial des chercheurs en France},
	volume = {4},
	pages = {23--50},
	number = {164},
	journaltitle = {Économies de la recherche},
	author = {Lamy, Erwan and Shinn, Terry},
	date = {2006},
	note = {{OCLC}: 494103473},
}

@article{wouters_aux_2006,
	title = {Aux origines de la scientométrie. La naissance du Science Citation Index},
	volume = {4},
	pages = {11--22},
	number = {164},
	journaltitle = {Économies de la recherche},
	author = {Wouters, Paul},
	date = {2006},
	note = {{OCLC}: 494103473},
}

@book{heinich_sociologie_2010,
	title = {La sociologie de Norbert Elias},
	isbn = {978-2-7071-3830-9},
	url = {http://www.cairn.info/la-sociologie-de-norbert-elias--9782707138309.htm},
	author = {Heinich, Nathalie},
	urldate = {2021-03-08},
	date = {2010},
	note = {{OCLC}: 995112313},
}

@article{goudsblom_les_1987,
	title = {Les grandes épidémies et la civilisation des mœurs},
	volume = {68},
	issn = {0335-5322},
	url = {https://www.persee.fr/doc/arss_0335-5322_1987_num_68_1_2370},
	doi = {10.3406/arss.1987.2370},
	pages = {3--14},
	number = {1},
	journaltitle = {Actes de la recherche en sciences sociales},
	shortjournal = {arss},
	author = {Goudsblom, Johan},
	urldate = {2021-03-08},
	date = {1987},
	langid = {french},
}

@incollection{sibeud_colonies_2019,
	title = {Colonies},
	pages = {1541--},
	booktitle = {Europe. Encyclopédie historique.},
	publisher = {Actes Sud},
	author = {Sibeud, Emmanuelle},
	date = {2019},
}

@incollection{sibeud_colonialisme_2019,
	title = {Colonialisme et anticolonialisme},
	pages = {1541--},
	booktitle = {Europe. Encyclopédie historique.},
	publisher = {Actes Sud},
	author = {Sibeud, Emmanuelle},
	date = {2019},
}

@book{jeanselme_precis_1909,
	location = {Paris},
	title = {Précis de pathologie exotique},
	series = {Collection de précis médicaux},
	pagetotal = {809},
	publisher = {Masson},
	author = {Jeanselme, Edouard and Rist, Edouard},
	date = {1909},
}

@unpublished{thomas_panique_nodate,
	title = {Une panique de santé publique ? Statistiques et classements mondiaux de l'acceptation vaccinale},
	url = {https://vimeo.com/517040913},
	author = {Thomas, Gaëtan},
}

@book{chantemesse_frontieres_1907,
	location = {Paris},
	title = {Frontières et prophylaxie},
	pagetotal = {330},
	publisher = {Octave Doin},
	author = {Chantemesse, André and Borel, Frédéric},
	date = {1907},
}

@article{blanckaert_geographie_2004,
	title = {Géographie et anthropologie : une rencontre nécessaire (xviiie-xixe siècle)},
	volume = {34},
	issn = {0046-2616, 2101-0064},
	url = {http://www.cairn.info/revue-ethnologie-francaise-2004-4-page-661.htm},
	doi = {10.3917/ethn.044.0661},
	shorttitle = {Géographie et anthropologie},
	pages = {661},
	number = {4},
	journaltitle = {Ethnologie française},
	author = {Blanckaert, Claude},
	urldate = {2021-03-05},
	date = {2004},
	langid = {french},
}

@mvbook{grall_traite_1910,
	location = {Paris},
	title = {Traité de pathologie exotique. Clinique et thérapeutique},
	volume = {1},
	volumes = {8},
	author = {Grall, Charles},
	editor = {Clarac, Albert},
	date = {1910},
}

@mvbook{guiart_precis_1929,
	location = {Paris},
	title = {Précis de médecine coloniale. Maladies des pays chauds},
	series = {bibliothèque du doctorat en médecine},
	volumes = {1},
	pagetotal = {408},
	publisher = {J.B. Baillière et fils},
	author = {Guiart, Jules and Garin, Charles and Léger, Marcel},
	date = {1929},
}

@collection{rollet_les_2012,
	location = {Nancy},
	title = {Les uns et les autres --: biographies et prosopographies en histoire des sciences},
	isbn = {978-2-8143-0096-5},
	series = {Collection Histoire des institutions scientifiques},
	shorttitle = {Les uns et les autres --},
	pagetotal = {636},
	publisher = {Presses universitaires de Nancy : Editions universitaires de Lorraine},
	editor = {Rollet, Laurent and Nabonnand, Philippe},
	date = {2012},
	note = {{OCLC}: ocn847520832},
	keywords = {Biography, Prosopography, Scientists},
}

@article{yang_topic_2011,
	title = {Topic Modeling on Historical Newspapers},
	url = {https://www.aclweb.org/anthology/W11-1513/},
	pages = {96--104},
	journaltitle = {Proceedings of the 5th {ACL}-{HLT} Workshop on Language Technology for Cultural Heritage, Social Sciences, and Humanities},
	author = {Yang, Tze-I and Torget, Andrew and Mihalcea, Rada},
	date = {2011},
}

@article{garcia-zorita_topic_2018,
	title = {Topic modelling characterization of Mudejar art based on document titles},
	volume = {33},
	issn = {2055-7671, 2055-768X},
	url = {https://academic.oup.com/dsh/article/33/3/529/4563636},
	doi = {10.1093/llc/fqx055},
	pages = {529--539},
	number = {3},
	journaltitle = {Digital Scholarship in the Humanities},
	author = {Garcia-Zorita, Carlos and Pacios, Ana R},
	urldate = {2021-02-25},
	date = {2018-09-01},
	langid = {english},
}

@article{bonin_antagonist_2020,
	title = {From antagonist to protagonist: ‘Democracy’ and ‘people’ in British parliamentary debates, 1775–1885},
	volume = {35},
	issn = {2055-7671, 2055-768X},
	url = {https://academic.oup.com/dsh/article/35/4/759/5628185},
	doi = {10.1093/llc/fqz082},
	shorttitle = {From antagonist to protagonist},
	abstract = {Abstract
            ‘Democracy’ is a central word of our current political lexicon, often defined as ‘the power of the people’. However, in 19th century Britain, ‘democracy’ was not characterized by the rule of the ‘people’ but by the power of lower classes, of the ‘populace’ and the ‘mob’. In political discourse, and especially in parliamentary debates, the ‘people’ were an antagonist of ‘democracy’, not its protagonist. To support these statements, this article analyses British parliamentary debates between 1775 and 1885, through both a ‘distant reading’ with the help of corpus linguistics tools and a closer examination of certain key debates and actors. After a brief overview of the methodology, three crucial periods of British political history are analysed. (1) The end of the 18th century, where the impact of the French Revolution on democratic vocabulary is measured. (2) The debates surrounding the 1832 Reform Act, in which the explicit differentiation between the constitutional ‘people’ and the democratic ‘mob’ is drawn out by Whigs and Tories alike. (3) The Second Reform Act (1867), also presented as a ‘popular’ measure, and not a step towards ‘democracy’. In conclusion, the adoption of the democratic vocabulary by British Members of Parliament is traced to the 1880s, notably with the emergence of the idea of ‘Tory democracy’.},
	pages = {759--775},
	number = {4},
	journaltitle = {Digital Scholarship in the Humanities},
	author = {Bonin, Hugo},
	urldate = {2021-02-25},
	date = {2020-12-01},
	langid = {english},
}

@article{zweigenbaum_lumls_2004,
	title = {L’{UMLS} entre langue et ontologie : une approche pragmatique dans le domaine médical},
	volume = {18},
	pages = {111--137},
	journaltitle = {Revue d'intelligence artificielle},
	author = {Zweigenbaum, Pierre},
	date = {2004},
}

@misc{union_coloniale_creation_1901,
	title = {Création à Paris d'un Institut de médecine coloniale},
	publisher = {Publicaitons de l'Union Coloniale Française},
	author = {Union coloniale},
	urldate = {2021-02-23},
	date = {1901},
}

@article{anderson_where_1998,
	title = {Where is the postcolonial history of medicine?},
	volume = {72},
	pages = {522--530},
	number = {3},
	journaltitle = {Bulletin of the History of Medicine},
	author = {Anderson, Warwick},
	date = {1998},
}

@book{bado_medecine_1996,
	location = {Paris},
	edition = {Karthala},
	title = {Médecine coloniale et grandes épidémies en Afrique 1900-1960. Lèpre, trypanosomiase humaine et onchocercose},
	pagetotal = {432},
	author = {Bado, Jean-Paul},
	date = {1996},
}

@book{wright_doctors_2016,
	location = {Toronto; Buffalo; London},
	title = {Doctors beyond borders the transnational migration of physicians in the twentieth century},
	isbn = {978-1-4426-2962-2},
	url = {http://search.ebscohost.com/login.aspx?direct=true&scope=site&db=nlebk&AN=1222013},
	abstract = {"The transnational migration of health care practitioners has become a critical issue in global health policy and ethics. Doctors beyond Borders provides an essential historical perspective on this international issue, showing how foreign-trained doctors have challenged--and transformed--health policy and medical practice in countries around the world. Drawing on a wide variety of sources, from immigration records and medical directories to oral histories, the contributors study topics ranging from the influence of South Asian doctors on geriatric medicine in the United Kingdom to the Swedish reaction to the arrival of Jewish physicians fleeing Nazi Germany and the impact of the Vietnam War on the migration of doctors to Canada. Combining social history, the history of health and medicine, and immigration history, Doctors beyond Borders is an impressive selection of essays on a topic that continues to have global relevance."--},
	publisher = {University of Toronto Press},
	author = {Wright, David and Monnais-Rousselot, Laurence},
	urldate = {2021-02-02},
	date = {2016},
	note = {{OCLC}: 1105411144},
}

@book{noauthor_notitle_nodate-2,
}

@book{van_leent_congres_1884,
	location = {Amsterdam},
	edition = {Van Rossen},
	title = {Congrès international des médecins des colonies. Amsterdam septembre 1883},
	url = {https://uspc-upde.primo.exlibrisgroup.com/discovery/fulldisplay?docid=alma991004196109705806&context=L&vid=33USPC_UPDE:UPDE&lang=fr&adaptor=Local%20Search%20Engine},
	pagetotal = {383},
	author = {Van Leent},
	urldate = {2021-02-02},
	date = {1884},
}

@book{blais_territoires_2020,
	title = {Territoires impériaux: Une histoire spatiale du fait colonial},
	isbn = {979-10-351-0359-0},
	shorttitle = {Territoires impériaux},
	abstract = {Ce livre a pour ambition de réexaminer la relation entre savoirs géographiques et empires à la lumière des travaux les plus récents, posant ainsi les jalons d'une histoire spatiale des empires. Croisant différentes approches, les auteurs de ce volume analysent la question fondamentale de l'appropriation coloniale de l'espace par la construction des savoirs géographiques et des pratiques spatiales (cartographie, tracés de frontières, enquêtes). Elle permet de saisir la diversité des situations coloniales, de tracer la diffusion des savoirs sur l'espace colonial et de révéler la formation de territoires coloniaux aux contours complexes, parfois enchevêtrés, indéterminés et souvent marqués par de nombreuses discontinuités. La circulation des concepts, des méthodes de description et d'explication est induite par le déplacement des principaux acteurs - explorateurs et voyageurs, militaires, ingénieurs, cartographes -, et par leurs rencontres au sein de réseaux de relation institutionnels ou informels (informateurs autochtones, associations, revues). Ils participent pleinement de la représentation des empires, président à leurs pratiques politiques et questionnent de façon originale la domination coloniale en prenant en compte la coexistence de spatialités multiples, qui ne sauraient se résumer à une opposition binaire entre spatialités européenne et indigène. Fruit d'une enquête collective et internationale menée dans le cadre d'un programme de recherche financé par l'Agence nationale de la recherche ({ANR}), ce livre dessine un monde découpé, réduit, agrandi, ordonné et déconstruit : l'imaginaire territorial d'un monde impérial.},
	editorb = {Blais, Hélène and Deprest, Florence and Singaravélou, Pierre},
	editorbtype = {redactor},
	date = {2020},
	note = {{OCLC}: 1230228903},
}

@collection{feuerhahn_politique_2017,
	location = {Paris},
	title = {La politique des chaires au Collège de France},
	isbn = {978-2-251-44692-9},
	series = {Collection Docet omnia},
	pagetotal = {559},
	number = {2},
	publisher = {Collège de France : Les Belles Lettres},
	editor = {Feuerhahn, Wolf and Compagnon, Antoine},
	date = {2017},
	keywords = {Collège de France, Education, Higher, France, History},
}

@book{tilley_africa_2011,
	location = {Chicago},
	title = {Africa as a living laboratory: empire, development, and the problem of scientific knowledge, 1870-1950},
	isbn = {978-0-226-80346-3 978-0-226-80347-0},
	shorttitle = {Africa as a living laboratory},
	pagetotal = {496},
	publisher = {University of Chicago Press},
	author = {Tilley, Helen},
	date = {2011},
	keywords = {20th century, 21st century, Africa, African Research Survey, Colonies History, Colonization History, Great Britain, History, Imperialism and science, Research, Research History},
}

@book{anderson_colonial_2006,
	location = {Durham},
	title = {Colonial pathologies: American tropical medicine, race, and hygiene in the Philippines},
	isbn = {978-0-8223-3804-8 978-0-8223-3843-7},
	shorttitle = {Colonial pathologies},
	pagetotal = {355},
	publisher = {Duke University Press},
	author = {Anderson, Warwick},
	date = {2006},
	note = {{OCLC}: ocm64084254},
	keywords = {Colonialism, Colonization History, History, Military Hygiene, Military hygiene, Philippines, Tropical Medicine, Tropical medicine, history},
}

@article{conklin_what_2013,
	title = {What is colonial Science?},
	url = {https://booksandideas.net/What-is-Colonial-Science.html},
	abstract = {Historians have long taken for granted that the modern age of empire developed “colonial” forms of knowledge, including “colonial science,” which aided and abetted imperialism. Yet there has been little consensus on what the concept “colonial science” actually designates. Two recent books by Helen Tilley and Pierre Singaravélou open new avenues for enquiry.},
	journaltitle = {La vie des idées},
	author = {Conklin, Alice},
	date = {2013},
}

@collection{genet_les_2011,
	location = {Roma},
	title = {Les historiens et l'informatique: un métier à réinventer},
	isbn = {978-2-7283-0904-7},
	url = {http://www.publications.efrome.it/opencms/opencms/les_historiens_et_l’informatique_:_un_metier_a_reinventer_6e386e6b-a2e4-11e0-8e88-000c291eeace.html},
	series = {Collection de l'École française de Rome},
	shorttitle = {Les historiens et l'informatique},
	pagetotal = {350},
	number = {444},
	publisher = {École française de Rome},
	editor = {Genêt, Jean-Philippe and Zorzi, Andrea},
	date = {2011},
	note = {{OCLC}: ocn747530589},
	keywords = {Congresses, Historiography, History, Methodology, Research Data processing, Research Methodology},
}

@book{schreibman_companion_2008,
	title = {A Companion to Digital Humanities},
	isbn = {978-0-470-99986-8},
	url = {http://www.digitalhumanities.org/companion/},
	author = {Schreibman, Susan and Siemens, Ray and Unsworth, John},
	urldate = {2021-01-22},
	date = {2008},
	note = {{OCLC}: 899177483},
}

@book{lemercier_methodes_2008,
	location = {Paris},
	title = {Méthodes quantitatives pour l'historien},
	isbn = {978-2-7071-5340-1},
	series = {Collection Repères},
	pagetotal = {120},
	number = {507},
	publisher = {Éd. La Découverte},
	author = {Lemercier, Claire and Zalc, Claire},
	date = {2008},
}

@article{romanello_exploring_2016,
	title = {Exploring Citation Networks to Study Intertextuality in Classics},
	volume = {10},
	url = {http://www.digitalhumanities.org/dhq/vol/10/2/000255/000255.html},
	number = {2},
	journaltitle = {Digital humanities quarterly},
	author = {Romanello, Matteo},
	date = {2016},
}

@article{jessop_inhibition_2008,
	title = {The Inhibition of Geographical Information in Digital Humanities Scholarship},
	volume = {23},
	url = {https://doi-org.proxy.chartes.psl.eu/10.1093/llc/fqm041},
	pages = {39--50},
	number = {1},
	journaltitle = {Literary and Linguistic Computing},
	author = {Jessop, Martyn},
	date = {2008},
}

@article{edelstein_historical_2017,
	title = {Historical Research in a Digital Age: Reflections from the Mapping the Republic of Letters Project},
	volume = {122},
	url = {https://doi-org.proxy.chartes.psl.eu/10.1093/ahr/122.2.400},
	pages = {400--424},
	number = {2},
	journaltitle = {The American Historical Review},
	author = {Edelstein, Dan and Findlen, Paula and Ceserani, Giovanna and Winterer, Caroline and Coleman, Nicole},
	date = {2017},
}
@article{broadwell_reading_nodate,
	title = {Reading the Quan Tang shi: Literary History, Topic Modeling, Divergence Measures},
	author = {Broadwell, Peter and Chen, Jack W. and Shepard, David},
}

@article{callaway_push_2020,
	title = {The Push and Pull of Digital Humanities: Topic Modeling the “What is digital humanities?” Genre},
	volume = {14},
	issn = {1938-4122},
	url = {http://www.digitalhumanities.org/dhq/vol/14/1/000450/000450.html},
	number = {1},
	journaltitle = {Digital humanities quarterly},
	author = {Callaway, Elizabeth and Turner, Jeffrey and Stone, Heather and Halstrom, Adam},
	date = {2020},
}

@book{noauthor_decolonisation_2011,
	location = {Auxerre},
	title = {Décolonisation et sciences humaines},
	isbn = {978-2-36106-011-4},
	series = {Revue d'histoire des sciences humaines},
	pagetotal = {246},
	number = {24},
	publisher = {Sciences Humaines Éd},
	date = {2011},
	note = {{OCLC}: 775085133},
}

@article{riguet_autorites_2016,
	title = {Autorités et réseaux d'influence dans la critique littéraire de la seconde moitié du {XIXe} siècle.},
	url = {https://hal.archives-ouvertes.fr/hal-01363699},
	series = {Estrema},
	journaltitle = {Faculdade de Letras da Universidade de Lisboa ({FLUL})},
	author = {Riguet, Marine and Abi Haidar, Alaa},
	date = {2016},
}

@article{monnais-rousselot_reproduction_2006,
	title = {De la reproduction d'une idéologie à la naturalisation d'un système. Essai sur la médecine « moderne » au Viêt nam avant la Deuxième Guerre mondiale},
	url = {https://www.persee.fr/doc/outre_1631-0438_2006_num_93_352_4231},
	pages = {171--207},
	number = {352},
	journaltitle = {Outre-Mers. Revue d'histoire},
	shortjournal = {Outre-Mers},
	author = {Monnais-Rousselot, Laurence},
	date = {2006},
}

@incollection{hilaire-perez_intermediation_2016,
	location = {Rennes},
	title = {Intermédiation et intermédiaires},
	isbn = {978-2-7535-5173-2},
	series = {Histoire série "Techniques, savoirs, sociétés"},
	pages = {213--217},
	booktitle = {L' Europe des sciences et des techniques, {XVe}-{XVIIIe} siècle: un dialogue des savoirs},
	publisher = {{PUR}},
	author = {Raj, Kapil},
	editor = {Hilaire-Pérez, Liliane and Simon, Fabien and Thébaud-Sorger, Marie},
	date = {2016},
	note = {{OCLC}: 967973744},
}

@article{richard-lenoble_medecine_2013,
	title = {La médecine tropicale d'hier à aujourd'hui},
	volume = {197},
	abstract = {La médecine tropicale est une forme originale de médecine générale dans un environnement géo-climatique et socio-culturel particuliers aux pays en développement. Les diversités d’approches caractérisent cette spécialité médicale tant sur le plan des appellations, des objectifs, du développement historique, que sur celui de support privilégié de la coopération internationale française en santé. Au {XVIIe} siècle, la médecine de la marine des boucaniers des comptoirs, des expéditions civiles et militaires devient la médecine navale coloniale, tropicale, exotique ou d’Outre-mer, au service des conquérants puis des indigènes. À l’époque pré-coloniale médecins chirurgiens, pharmaciens et missions religieuses transmet- tent les premières observations scientifiques sur les épidémies d’outre-mer souvent mortelles. Échappant à la tutelle de la Marine, et sous le couvert du Ministère des colonies est créé « le corps de santé des colonies et pays de protectorat » en 1890. Au service des civils et militaires, le corps de Santé des Troupes coloniales s’installe au Pharo à Marseille. L’époque coloniale voit la structuration de systèmes de santé nouveaux et d’organismes de recherche (Instituts Pasteur, {ORSTOM}, centres spécialisés) aux côtés d’hôpitaux et d’Universités. En période post coloniale la France maintient son expertise, aide au maintien d’un panafricanisme au service de la recherche et des soins ({OCCGE}, {OCEAC}), développe la médecine mobile, la lutte contre les grandes endémies et la formation de médecins et d’agents de santé locaux adaptés aux réalités de terrain. Plus tard, la Médecine humanitairedes french doctors, fierté de la France, s’intègre à la prise en charge de nouvelles pathologies émergentes ou ré-émergentes, et face au développement des migrations humaines, se déve- loppe la médecine des voyages pour ceux qui vont et viennent de pays exotiques. Dès le début du {XIXe} siècle, la place prépondérante de la France dans la genèse de la Santé publique internationale est reconnue (première conférence sanitaire internationale en 1851) et contribuera à la création de l’{OMS}. Depuis plusieurs décennies après les décolonisations et face à la mondialisation, l’aide au développement est toujours importante en France mais, la coopération en santé décline, perd de sa visibilité et de bilatérale devient multilatérale. Vecteur incontournable de l’aide au développement, la Médecine tropicale française, doit uniformiser ses structures, ses enseignements, ses objectifs, afin de maintenir et renforcer son expertise et sa visibilité en santé internationale.},
	pages = {1353--1364},
	number = {7},
	journaltitle = {Bulletin de l'Académie nationale de médecine},
	author = {Richard-Lenoble, Dominique and Danis, Martin and Saliou, Pierre},
	date = {2013},
}

@collection{schaffer_brokered_2009,
	location = {Sagamore Beach, {MA}},
	title = {The brokered world: go-betweens and global intelligence, 1770-1820},
	isbn = {978-0-88135-374-7},
	series = {Uppsala studies in history of science},
	shorttitle = {The brokered world},
	pagetotal = {522},
	number = {35},
	publisher = {Science History Publications},
	editor = {Schaffer, Simon},
	date = {2009},
	note = {{OCLC}: ocn431533487},
	keywords = {History, Intercultural communication, Mediation},
}

@article{raj_beyond_2013,
	title = {Beyond Postcolonialism … and Postpositivism: Circulation and the Global History of Science},
	volume = {104},
	issn = {0021-1753, 1545-6994},
	url = {https://www.journals.uchicago.edu/doi/10.1086/670951},
	doi = {10.1086/670951},
	shorttitle = {Beyond Postcolonialism … and Postpositivism},
	pages = {337--347},
	number = {2},
	journaltitle = {Isis},
	shortjournal = {Isis},
	author = {Raj, Kapil},
	urldate = {2021-01-02},
	date = {2013-06},
	langid = {english},
}

@incollection{delaoprte_foucault_2011,
	location = {Paris},
	title = {Foucault, l'histoire et l'épistémologie},
	isbn = {9782851971647},
	series = {Les cahiers de l'Herne},
	pages = {335--341},
	number = {95},
	booktitle = {Michel Foucault},
	publisher = {Editions de l'Herne},
	author = {Delaoprte, François and Artières, Philippe},
	date = {2011},
	keywords = {Archives, Foucault, Michel},
}

@collection{artieres_michel_2011,
	location = {Paris},
	title = {Michel Foucault},
	isbn = {9782851971647},
	series = {Les cahiers de l'Herne},
	pagetotal = {415},
	number = {95},
	publisher = {Editions de l'Herne},
	editor = {Artières, Philippe},
	date = {2011},
	keywords = {Archives, Foucault, Michel},
}

@article{balandier_situation_1951,
	title = {La situation coloniale. Approche théorique},
	volume = {11},
	pages = {44--79},
	journaltitle = {Cahiers internationaux de sociologie},
	author = {Balandier, Georges},
	date = {1951},
}

@article{laramee_migration_2019,
	title = {Migration and the French Colonial Atlantic as Imagined by the Periodical Press, 1740–61},
	volume = {4},
	issn = {2506-6587},
	url = {https://ojs.ugent.be/jeps/article/view/10119},
	doi = {10.21825/jeps.v4i1.10119},
	abstract = {Among the major colonial powers of the early modern Atlantic world, France stands as an anomaly for the notoriously small numbers of colonists it sent to its empire, especially to continental New France. In 2006, historian Yves Landry suggested that a negative image of the colonial world in French print media might have had a dampening influence on the enthusiasm of potential colonists, but no studies to date have been conducted to confirm or invalidate his hypothesis.},
	pages = {78--98},
	number = {1},
	journaltitle = {Journal of European Periodical Studies},
	shortjournal = {{JEPS}},
	author = {Laramée, François Dominic},
	urldate = {2020-12-26},
	date = {2019-06-30},
	langid = {english},
}

@article{daems_digital_nodate,
	title = {Digital Approaches Towards Serial Publications},
	volume = {4},
	pages = {1--7},
	number = {1},
	journaltitle = {Journal of European Periodical Studies},
	author = {Daems, Joke and Martens, Gunther and Van Hooland, Seth and Verbruggen, Christophe},
}

@article{monnais-rousselot_paradoxes_2002,
	title = {Paradoxes du'ne médicalisation coloniale},
	volume = {3},
	url = {https://www.cairn.info/revue-actes-de-la-recherche-en-sciences- sociales-2002-3-page-36.htm},
	pages = {36--43},
	number = {143},
	journaltitle = {Actes de la recherche en sciences sociales},
	author = {Monnais-Rousselot, Laurence},
	date = {2002},
	langid = {french},
}

@book{champagne_medecines_2002,
	location = {Paris},
	title = {Médecines, patients et politique de santé},
	isbn = {978-2-02-053088-0},
	publisher = {Seuil},
	author = {Champagne, Patrick and Jaisson, Marie},
	date = {2002},
	note = {{OCLC}: 491347069},
}

@thesis{bretelle-establet_sante_1999,
	location = {Paris},
	title = {La sante en chine du sud (yunnan, guangxi, guangdong) a la fin de l'empire et au debut de la republique},
	shorttitle = {La santé en Chine du Sud},
	abstract = {Sous la direction de Marianna Bastide Bruguière},
	pagetotal = {648},
	institution = {Paris 7 - Diderot},
	type = {phdthesis},
	author = {Bretelle-Establet, Florence},
	date = {1999},
}

@book{singaravelou_ecole_1999,
	location = {Paris, France},
	title = {L'Ecole française d'Extrême-Orient, ou, L'institution des marges, 1898-1956: essai d'histoire sociale et politique de la science coloniale},
	isbn = {978-2-7384-8155-9},
	series = {Collection Recherches asiatiques},
	shorttitle = {L'Ecole française d'Extrême-Orient, ou, L'institution des marges, 1898-1956},
	abstract = {sous la direction de Christophe Charle},
	pagetotal = {382},
	publisher = {L'Harmattan},
	author = {Singaravélou, Pierre},
	date = {1999},
	keywords = {École française d'Extrême-Orient},
}

@thesis{blais_les_2000,
	location = {Paris},
	title = {Les voyages français dans le Pacifique : pratique de l'espace, savoirs géographiques et expansion coloniale : (1815-1845)},
	pagetotal = {868},
	institution = {{EHESS}},
	type = {phdthesis},
	author = {Blais, Hélène},
	date = {2000},
}

@thesis{sibeud_construction_1999,
	location = {Paris},
	title = {La construction des savoirs africanistes en France, 1878-1930},
	abstract = {Sous la direction d'Elikia {MBokolo}.},
	pagetotal = {735},
	institution = {{EHESS}},
	type = {phdthesis},
	author = {Sibeud, Emmanuelle},
	date = {1999},
	langid = {french},
}

@book{sibeud_science_2002,
	location = {Paris},
	title = {Une science impériale pour l'Afrique? la construction des savoirs africanistes en France, 1878-1930},
	isbn = {978-2-7132-1784-5},
	series = {Recherches d'histoire et de sciences sociales},
	shorttitle = {Une science impériale pour l'Afrique?},
	pagetotal = {356},
	number = {97},
	publisher = {Ecole des hautes études en sciences sociales},
	author = {Sibeud, Emmanuelle},
	date = {2002},
	note = {{OCLC}: ocm52450186},
	keywords = {1884-1960, Africa, Anthropology, Colonies Historiography, Ethnology, France, History, History Historiography, Political aspects History},
}

@article{merle__2013,
	title = {« La situation coloniale » chez Georges Balandier : Relecture historienne},
	volume = {4},
	issn = {2261-6268, 2260-7927},
	url = {https://www.cairn.info/revue-mondes1-2013-2-page-211.htm},
	doi = {10.3917/mond.132.0211},
	shorttitle = {« La situation coloniale » chez Georges Balandier},
	pages = {211},
	number = {2},
	journaltitle = {Monde(s)},
	author = {Merle, Isabelle},
	urldate = {2020-12-19},
	date = {2013},
	langid = {french},
}

@incollection{singaravelou_promethee_2013,
	location = {Paris},
	title = {Un prométhée colonial ? Encadrement et transformation des sociétés},
	isbn = {978-2-7578-2843-4},
	series = {Points / Histoire},
	pages = {257--300},
	number = {468},
	booktitle = {Les empires coloniaux : {XIXe} - {XXe} siècle},
	publisher = {Ed. Points},
	author = {Fredj, Claire and Suremain (de), Marie-Albane},
	editor = {Singaravélou, Pierre},
	date = {2013},
	note = {{OCLC}: 908615474},
}

@collection{singaravelou_les_2013,
	location = {Paris},
	title = {Les empires coloniaux : {XIXe} - {XXe} siècle},
	isbn = {978-2-7578-2843-4},
	series = {Points / Histoire},
	shorttitle = {Les empires coloniaux},
	pagetotal = {454},
	number = {468},
	publisher = {Ed. Points},
	editor = {Singaravélou, Pierre},
	date = {2013},
	note = {{OCLC}: 908615474},
}

@book{harrison_public_1994,
	location = {Cambridge},
	title = {Public health in British India: Anglo-Indian preventive medicine 1859 - 1914},
	isbn = {978-0-521-46688-2 978-0-521-44127-8},
	series = {Cambridge history of medicine},
	shorttitle = {Public health in British India},
	pagetotal = {324},
	publisher = {Cambridge Univ. Press},
	author = {Harrison, Mark},
	date = {1994},
	note = {{OCLC}: 246646096},
}

@book{headrick_tools_1981,
	location = {New York},
	title = {The tools of empire: technology and European imperialism in the nineteenth century},
	isbn = {978-0-19-502831-7 978-0-19-502832-4},
	shorttitle = {The tools of empire},
	pagetotal = {221},
	publisher = {Oxford University Press},
	author = {Headrick, Daniel R.},
	date = {1981},
	keywords = {History, Imperialism, Technology},
}

@collection{arnold_imperial_1989,
	location = {Oxford},
	edition = {2. publ},
	title = {Imperial medicine and indigenous societies},
	isbn = {978-0-19-562415-1},
	pagetotal = {231},
	publisher = {Oxford University Press},
	editor = {Arnold, David},
	date = {1989},
	note = {{OCLC}: 249469213},
}

@book{latour_les_1984,
	location = {Paris},
	title = {Les microbes: guerre et paix},
	isbn = {978-2-86424-030-3},
	series = {Collection Pandore},
	shorttitle = {Les microbes},
	pagetotal = {281},
	publisher = {Métailié},
	author = {Latour, Bruno},
	date = {1984},
	note = {{OCLC}: 159830759},
}

@book{latour_vie_1988,
	location = {Paris},
	title = {La vie de laboratoire: la production des faits scientifiques},
	isbn = {978-2-7071-1772-4},
	series = {Sciences et société},
	shorttitle = {La vie de laboratoire},
	pagetotal = {300},
	publisher = {Ed. la découverte},
	author = {Latour, Bruno and Woolgar, Steve},
	translator = {Biezunski, Michel},
	date = {1988},
}

@book{pestre_introduction_2006,
	location = {Paris},
	edition = {1er tirage},
	title = {Introduction aux Science studies},
	isbn = {978-2-7071-4596-3},
	series = {Collection Repères sociologie},
	abstract = {La 4e de couverture indique : "Ce livre présente, de façon systématique, le renouveau qu'ont connu l'histoire et l'étude des sciences (les Science Studies) depuis trente ans. Mettant en garde contre les batailles faciles et de peu d'intérêt entre "rationalistes" et "relativistes", Dominique Pastre nous introduit à la complexité des problèmes qui ont soulevés et qui restent sans solutions simples. Montrant en quoi ce renouveau n'est pas propre à l'histoire et à l'étude des sciences, mais qu'il est vrai de l'ensemble des sciences sociales, il en étudie les conséquences. En termes épistémologiques, en revenant sur les grands classiques; en termes économiques et sociaux, en analysant les intrications profondes entre les sciences, les techniques et les pouvoirs; en termes historiques, en parlant de régime de production et de régulation des sciences en société; en termes politiques, enfin, en revenant sur les débats contemporains autour des technosciences et de leurs effets."},
	pagetotal = {122},
	number = {449},
	publisher = {La Découverte},
	author = {Pestre, Dominique},
	date = {2006},
	note = {{OCLC}: 421320915},
}

@collection{cooper_tensions_1997,
	location = {Berkeley, Calif},
	title = {Tensions of empire: colonial cultures in a bourgeois world},
	isbn = {978-0-520-20540-6 978-0-520-20605-2},
	shorttitle = {Tensions of empire},
	pagetotal = {470},
	publisher = {University of California Press},
	editor = {Cooper, Frederick and Stoler, Ann Laura},
	date = {1997},
	keywords = {1789-1900, 19th century, 20th century, Colonies, Europe, History, History, Modern, Imperialism},
}

@book{lapeyssonnie_medecine_1988,
	location = {Paris},
	edition = {Seghers},
	title = {La médecine coloniale. Mythes et réalités},
	author = {Lapeyssonnie, Léon},
	date = {1988},
}

@article{harrison_towards_1990,
	title = {Towards a sanitary utopia? Professional visions and public health in India, 1880-1914},
	volume = {10},
	pages = {19--40},
	number = {1},
	journaltitle = {South Asia Research},
	author = {Harrison, Mark},
	date = {1990},
}

@article{marks_what_1997,
	title = {What is colonial about colonial medicine? And what happened to imperialism and health?},
	volume = {10},
	pages = {205--219},
	number = {2},
	journaltitle = {Social History of Medicine},
	author = {Marks, Shula},
	date = {1997},
}

@article{lachenal_medecin_2010,
	title = {Le médecin qui voulut être roi.Médecine coloniale et utopie au Cameroun.},
	volume = {65},
	url = {https://www.cairn.info/revue-annales-2010-1-page-121.htm},
	series = {Editions de l'{EHESS}},
	pages = {121--156},
	number = {1},
	journaltitle = {Annales. Histoire, Sciences sociales},
	author = {Lachenal, Guillaume},
	date = {2010},
	note = {{OCLC}: 838450774},
}

@book{monnais-rousselot_medecines_2016,
	title = {Médecine(s) et santé: une petite histoire globale, 19e-20e siècles},
	isbn = {978-2-7606-3639-2},
	url = {http://search.ebscohost.com/login.aspx?direct=true&scope=site&db=nlebk&db=nlabk&AN=1331926},
	shorttitle = {Médecine(s) et santé},
	author = {Monnais-Rousselot, Laurence},
	urldate = {2020-12-21},
	date = {2016},
	note = {{OCLC}: 1047702224},
}

@book{monnais-rousselot_medicaments_2014,
	location = {Paris},
	title = {Médicaments coloniaux: l'expérience Vietnamienne: 1905-1940},
	isbn = {978-2-84654-391-0},
	shorttitle = {Médicaments coloniaux},
	pagetotal = {359},
	publisher = {Les Indes savantes},
	author = {Monnais-Rousselot, Laurence},
	date = {2014},
	note = {{OCLC}: ocn899205113},
	keywords = {20th century, Colonization, Drugs, Health aspects History, History, Indochina, Medicine, Political aspects History, Public health, Vietnam},
}

@book{monnais-rousselot_medecine_1999,
	location = {Paris},
	title = {Medecine et colonisation: l'adventure indochinoise 1860-1939},
	isbn = {978-2-271-05657-3},
	series = {{CNRS} histoire},
	shorttitle = {Medecine et colonisation},
	pagetotal = {489},
	publisher = {{CNRS} Editions},
	author = {Monnais-Rousselot, Laurence},
	date = {1999},
	keywords = {Colonial history Public health Indochina {XIX}-{XXth} century, Foreign relations, France, Indochina, Public health},
}

@article{harrison_after_2009,
	title = {After Empire: Searching for A New Synthesis},
	volume = {39},
	issn = {1939-1811, 1939-182X},
	url = {https://online.ucpress.edu/hsns/article/39/2/258/105617/After-Empire-Searching-for-A-New-Synthesis},
	doi = {10.1525/hsns.2009.39.2.258},
	shorttitle = {After Empire},
	pages = {258--268},
	number = {2},
	journaltitle = {Historical Studies in the Natural Sciences},
	author = {Harrison, Mark},
	urldate = {2020-12-18},
	date = {2009-05-01},
	langid = {english},
}

@book{osborne_emergence_2014,
	location = {Chicago ; London},
	title = {The emergence of tropical medicine in France},
	isbn = {978-0-226-11452-1},
	pagetotal = {312},
	publisher = {University of Chicago Press},
	author = {Osborne, Michael A.},
	date = {2014},
	keywords = {19th century, Colonies History, France, History, Medicine, Tropical medicine},
}

@book{mccarty_humanities_2005,
	location = {London},
	title = {Humanities Computing},
	isbn = {978-1-349-51764-0 978-0-230-50421-9},
	url = {http://link.springer.com/10.1057/9780230504219},
	publisher = {Palgrave Macmillan {UK}},
	author = {{McCarty}, Willard},
	urldate = {2020-12-16},
	date = {2005},
	langid = {english},
	doi = {10.1057/9780230504219},
}

@inbook{lebaron_chapitre_2015,
	title = {Chapitre 1. Idées–clefs de l’analyse géométrique des données},
	isbn = {978-2-10-070384-5},
	url = {http://www.cairn.info/la-methodologie-de-pierre-bourdieu-en-action--9782100703845-page-1.htm},
	pages = {1},
	booktitle = {La méthodologie de Pierre Bourdieu en action},
	publisher = {Dunod},
	author = {Le Roux, Brigitte and Lebaron, Frédéric},
	bookauthor = {Lebaron, Frédéric and Le Roux, Brigitte},
	urldate = {2020-12-16},
	date = {2015},
	langid = {french},
	doi = {10.3917/dunod.lebar.2015.01.0003},
}

@collection{albrecht_was_1989,
	location = {Wiesbaden},
	title = {Was heißt und zu welchem Ende betreiben wir Politikwissenschaft?},
	isbn = {978-3-531-12080-5 978-3-322-84139-1},
	url = {http://link.springer.com/10.1007/978-3-322-84139-1},
	publisher = {{VS} Verlag für Sozialwissenschaften},
	editor = {Albrecht, Ulrich and Altvater, Elmar and Krippendorff, Ekkehart},
	urldate = {2020-12-16},
	date = {1989},
	langid = {german},
	doi = {10.1007/978-3-322-84139-1},
}

@article{parayre_lhygiene_2008,
	title = {L’hygiène à l’école aux {XVIIIe} et {XIXe} siècles : vers la création d’une éducation à la santé},
	issn = {1969-0622, 1760-7760},
	url = {http://journals.openedition.org/rechercheseducations/458},
	doi = {10.4000/rechercheseducations.458},
	shorttitle = {L’hygiène à l’école aux {XVIIIe} et {XIXe} siècles},
	pages = {177--193},
	number = {1},
	journaltitle = {Recherches \& éducations},
	shortjournal = {rechercheseducations},
	author = {Parayre, Séverine},
	urldate = {2020-12-16},
	date = {2008-10-06},
}

@article{pinell_champ_2005,
	title = {Champ médical et processus de spécialisation},
	volume = {156-157},
	issn = {0335-5322, 1955-2564},
	url = {http://www.cairn.info/revue-actes-de-la-recherche-en-sciences-sociales-2005-1-page-4.htm},
	doi = {10.3917/arss.156.0004},
	pages = {4--36},
	number = {1},
	journaltitle = {Actes de la recherche en sciences sociales},
	author = {Pinell, Patrice},
	urldate = {2020-12-15},
	date = {2005},
	langid = {french},
}

@book{malkin_small_2011,
	location = {New York},
	title = {A small Greek world: networks in the Ancient Mediterranean},
	isbn = {978-0-19-973481-8},
	series = {Greeks overseas},
	shorttitle = {A small Greek world},
	pagetotal = {284},
	publisher = {Oxford University Press},
	author = {Malkin, Irad},
	date = {2011},
	note = {{OCLC}: ocn689003551},
	keywords = {Civilization, Civilization Greek influences, Colonies, Colonization, Greece, Greeks, History, Mediterranean Region, To 146 B.C},
}

@article{packard_networks_2012,
	title = {Networks in Tropical Medicine: Internationalism, Colonialism, and the Rise of a Medical Specialty, 1890–1930 (review)},
	volume = {86},
	issn = {1086-3176},
	url = {http://muse.jhu.edu/content/crossref/journals/bulletin_of_the_history_of_medicine/v086/86.4.packard.html},
	doi = {10.1353/bhm.2012.0068},
	shorttitle = {{\textless}i{\textgreater}Networks in Tropical Medicine},
	pages = {693--694},
	number = {4},
	journaltitle = {Bulletin of the History of Medicine},
	shortjournal = {Bulletin of the History of Medicine},
	author = {Packard, Randall M.},
	urldate = {2020-12-15},
	date = {2012},
	langid = {english},
}

@article{kerouanton_pour_2009,
	title = {Pour l’utilisation des {SIG} (systèmes d’information géographique) en histoire des techniques : entre documentation et analyse spatiale},
	issn = {0417-8726, 1775-4194},
	url = {http://journals.openedition.org/dht/299},
	doi = {10.4000/dht.299},
	shorttitle = {Pour l’utilisation des {SIG} (systèmes d’information géographique) en histoire des techniques},
	pages = {81--94},
	number = {18},
	journaltitle = {Documents pour l'histoire des techniques},
	shortjournal = {dht},
	author = {Kerouanton, Jean-Louis},
	urldate = {2020-12-15},
	date = {2009-12-01},
	langid = {french},
}

@collection{clavert_lhistoire_2013,
	location = {Bruxelles},
	title = {L’histoire contemporaine à l’ère numérique - Contemporary History in the Digital Age},
	isbn = {978-3-0352-6340-4 978-2-87574-048-9},
	url = {https://www.peterlang.com/view/title/50818},
	publisher = {Peter Lang B},
	editor = {Clavert, Frédéric and Noiret, Serge},
	urldate = {2020-12-15},
	date = {2013-07-18},
	langid = {french},
	doi = {10.3726/978-3-0352-6340-4},
}

@article{martin_introduction_2015,
	title = {Introduction à la visualisation de données : l’analyse de réseau en histoire},
	url = {https://halshs.archives-ouvertes.fr/halshs-01525543/document},
	pages = {109--128},
	number = {18},
	journaltitle = {Geschichte und Informatik},
	author = {Martin, {GRANDJEAN}},
	date = {2015},
	langid = {english},
}

@thesis{thiebau_apport_2016,
	location = {Brest},
	title = {Apport et limites des Humanités Numériques ({HN}) dans la construction, la reconstitution des réseaux d’acteurs à partir de l’exploitation d’une revue numérisée : l’exemple des Annales d'hygiène et de médecine coloniales (1898- 1940)},
	abstract = {Nous proposons d'étudier certains usages actuels des Humanités Numériques ({HN}) dans la reconstruction de réseaux d’acteurs à partir d’une revue médicale coloniale, afin de souligner les apports, les modèles, les limites et les risques liés à ces usages et plus globalement, au web sémantique.},
	pagetotal = {94},
	institution = {Université de Bretagne occidentale},
	type = {Mémoire de master 2e année},
	author = {Thiébau, Isabelle},
	date = {2016},
	note = {sous a direction de Hervé Ferrière et sylvain Laubé},
	keywords = {{AHMC}},
}

@article{abuhay_analysis_2018,
	title = {Analysis of publication activity of computational science society in 2001–2017 using topic modelling and graph theory},
	volume = {26},
	issn = {18777503},
	url = {https://linkinghub.elsevier.com/retrieve/pii/S1877750318302461},
	doi = {10.1016/j.jocs.2018.04.004},
	pages = {193--204},
	journaltitle = {Journal of Computational Science},
	shortjournal = {Journal of Computational Science},
	author = {Abuhay, Tesfamariam M. and Kovalchuk, Sergey V. and Bochenina, Klavdiya and Mbogo, Gali-Ketema and Visheratin, Alexander A. and Kampis, George and Krzhizhanovskaya, Valeria V. and Lees, Michael H.},
	urldate = {2020-12-12},
	date = {2018-05},
	langid = {english},
}

@online{kura_applied_2020,
	title = {Applied Graphical Network Analysis using Python},
	url = {https://towardsdatascience.com/applied-network-analysis-using-python-25021633a702},
	titleaddon = {Towards Data Science},
	author = {Kura, Aiteja},
	urldate = {2020-12-08},
	date = {2020-01-06},
}

@article{during_hermeneutics_2015,
	title = {From Hermeneutics to Data to Networks: Data Extraction and Network Visualization of Historical Sources},
	issn = {2397-2068},
	url = {https://programminghistorian.org/en/lessons/creating-network-diagrams-from-historical-sources},
	doi = {10.46430/phen0044},
	shorttitle = {From Hermeneutics to Data to Networks},
	abstract = {Network visualizations can help humanities scholars reveal hidden and complex patterns and structures in textual sources. This tutorial explains how to extract network data (people, institutions, places, etc) from historical sources through the use of non-technical methods developed in Qualitative Data Analysis ({QDA}) and Social Network Analysis ({SNA}), and how to visualize this data with the platform-independent and particularly easy-to-use Palladio.},
	number = {4},
	journaltitle = {The Programming Historian},
	author = {Düring, Marten},
	editor = {Gibbs, Fred},
	editora = {Cordell, Ryan and Larsen, Justin},
	editoratype = {collaborator},
	urldate = {2020-12-09},
	date = {2015-02-18},
	langid = {english},
}

@article{ladd_exploring_2017,
	title = {Exploring and Analyzing Network Data with Python},
	issn = {2397-2068},
	url = {https://programminghistorian.org/en/lessons/exploring-and-analyzing-network-data-with-python},
	doi = {10.46430/phen0064},
	abstract = {This lesson introduces network metrics and how to draw conclusions from them when working with humanities data. You will learn how to use the {NetworkX} Python package to produce and work with these network statistics.},
	number = {6},
	journaltitle = {The Programming Historian},
	author = {Ladd, John R. and Otis, Jessica and Warren, Christopher N. and Weingart, Scott},
	editor = {Walsh, Brandon},
	editora = {Beshero-Bondar, Elisa and Chao, Anne and Li, Qiwei},
	editoratype = {collaborator},
	urldate = {2020-12-09},
	date = {2017-08-23},
	langid = {english},
}

@thesis{rouet_les_2018,
	location = {Paris},
	title = {Les oubliés de la médecine coloniale ? Histoire de l’évolution de la prise en charge des aliénés au Sénégal de 1897 à 1938},
	url = {https://dumas.ccsd.cnrs.fr/dumas-02156205},
	shorttitle = {Les oubliés de la médecine coloniale ?},
	pagetotal = {112},
	institution = {Paris 1 - Panthéon Sorbonne},
	type = {Mémoire de master 2e année},
	author = {Rouet, Alice},
	date = {2018},
	note = {Sous la direction d'Anne hugon},
}

@book{laverdant_histoire_1993,
	location = {Paris},
	edition = {Ecole d'applicaiton du service de santé des armées Val-de-Grâce},
	title = {Histoire des Chaires 1852-1993},
	editorb = {Laverdant, C.},
	editorbtype = {redactor},
	date = {1993},
}

@collection{institut_de_medecine_tropicale_du_service_de_sante_des_armees_marseille_les_1980,
	location = {Marseille},
	title = {Les Catalans, le Pharo et son école : Institut de Médecine Tropicale,},
	editor = {Institut de médecine tropicale du Service de santé des armées (Marseille)},
	date = {1980},
}

@thesis{braesco_former_2017,
	location = {Paris},
	title = {Former des médecins pour la "brousse" : la médecine coloniale à travers l'Ecole du Pharo (1905-1939)},
	url = {http://www.sudoc.abes.fr/cbs/xslt/DB=2.1/SET=4/TTL=4/SHW?FRST=4},
	pagetotal = {316},
	institution = {Institut d'études politiques},
	type = {Mémoire de master 2e année},
	author = {Braesco, Camille},
	date = {2017},
}

@collection{deroo_lecole_2005,
	location = {Panazol},
	title = {L'école du Pharo: cent ans de médecine outre-mer, 1905-2005},
	isbn = {978-2-7025-1286-9},
	shorttitle = {L'école du Pharo},
	pagetotal = {221},
	publisher = {Lavauzelle},
	editor = {Deroo, Eric and Champeaux, Antoine and Milleliri, Jean-Marie},
	date = {2005},
	keywords = {20th century, Colonies History, France, History, Institut de médecine tropicale du Service de santé des armées (Marseille, France), Medicine, Military, Study and teaching History, Tropical medicine},
}

@book{senac_habitat_2020,
	location = {Madrid},
	title = {Un habitat rural d’al-Andalus (xe-xie siècles) : Les fouilles de Las Sillas (Marcén, Huesca)},
	isbn = {9788490963180},
	url = {http://books.openedition.org/cvz/23064},
	series = {Collection de la Casa de Velázquez},
	shorttitle = {Un habitat rural d’al-Andalus (xe-xie siècles)},
	abstract = {En el apogeo del Califato de Córdoba, a mediados del siglo X, se fundaron varios asentamientos rurales en el Valle del Ebro con el fin de explotar tierras para la producción de cereales, una parte de los cuales abastecía a los centros urbanos regionales como Huesca. Uno de estos asentamientos, asociado a una mezquita, fue Las Sillas en Marcén (Huesca), objeto de una serie de cuidadosas campañas de excavación que han proporcionado un nuevo panorama del mundo rural de al-Andalus durante los siglos X y {XI}.,Situé à une trentaine de kilomètres au sud-est de la petite ville aragonaise de Huesca, le site de Las Sillas à Marcén a fait l’objet depuis de nombreuses années de recherches archéologiques. Ce livre regroupe l’ensemble des découvertes réalisées tout en mettant en relation cet habitat avec les autres établissements musulmans de cette partie de l’ancienne Marche Supérieure d’al-Andalus. Les recherches ont permis d’y mettre au jour un vaste habitat rural occupé tout au long des xe-xie siècles, avant qu’il ne soit abandonné après la conquête des lieux par les troupes du roi Pierre Ier d’Aragon (1094-1104). Établi dans l’ancien district castral de Gabarda et associé à une mosquée, le site fut occupé par une communauté rurale et sa fondation témoigne de l’empreinte de la ville dans ces campagnes. Constitué par de nombreuses céramiques, des meules, des objets métalliques et des monnaies, le mobilier découvert s’est avéré à la fois abondant et varié, en particulier pour l’époque de la taifa hudide de Saragosse. Il constitue ainsi un reflet de la vie des populations rurales et de leurs activités, tout en révélant leur faible militarisation.},
	pagetotal = {140},
	publisher = {Casa de Velázquez},
	author = {Sénac, Philippe and Gasc, Sébastien and Gibert Rebull, Jordi and Savarese, Laurent},
	urldate = {2020-12-04},
	date = {2020-12-03},
	langid = {french},
	keywords = {Marca Superior, Marche Supérieure, al-Andalus, archéologie, arqueología, habitat rural, mezquita, mosquée},
}

@book{rosental_maladies_2009,
	location = {Paris},
	title = {Maladies professionnelles genèse d'une question sociale},
	isbn = {978-2-7011-5105-2},
	publisher = {Belin},
	author = {Rosental, Paul-André and Omnès, Catherine},
	date = {2009},
	note = {{OCLC}: 495257025},
}

@collection{ebrahimnejad_development_2009,
	location = {London ; New York},
	title = {The development of modern medicine in non-western countries: historical perspectives},
	isbn = {978-0-415-44742-3 978-0-203-89160-5},
	series = {Royal Asiatic Society books},
	shorttitle = {The development of modern medicine in non-western countries},
	pagetotal = {240},
	publisher = {Routledge},
	editor = {Ebrahimnejad, Hormoz},
	date = {2009},
	note = {{OCLC}: ocn166383163},
	keywords = {Asia, History, History of Medicine, History, 19th Century, History, 20th Century, Medicine, Medicine, Traditional, history},
}

@book{rogaski_hygienic_2014,
	location = {Place of publication not identified},
	title = {Hygienic modernity: meanings of health and disease in treaty-port china.},
	isbn = {978-0-520-28382-4},
	shorttitle = {Hygienic modernity},
	publisher = {Univ Of California Press},
	author = {Rogaski, Ruth},
	date = {2014},
	note = {{OCLC}: 876431894},
}

@article{daimaru_preserver_2020,
	title = {Préserver la santé des masses: Expertises médicales et naissance de l’armée impériale japonaise, 1853-1894},
	issn = {2263-8911, 2557-2113},
	url = {http://journals.openedition.org/hms/2081},
	doi = {10.4000/hms.2081},
	shorttitle = {Préserver la santé des masses},
	pages = {67--85},
	number = {15},
	journaltitle = {Histoire, médecine et santé},
	shortjournal = {hms},
	author = {Daimaru, Ken},
	urldate = {2020-10-28},
	date = {2020-11-05},
}

@book{mace_medecins_2013,
	location = {Paris},
	title = {Médecins et médecine dans l'histoire du Japon: aventures intellectuelles entre la Chine et l'Occident},
	isbn = {978-2-251-72218-4},
	series = {Collection Japon Série Études},
	shorttitle = {Médecins et médecine dans l'histoire du Japon},
	pagetotal = {309},
	number = {19},
	publisher = {Belles Lettres},
	author = {Mace, Mieko},
	date = {2013},
	note = {{OCLC}: 864388343},
}

@article{daimaru_entre_2016,
	title = {Entre blessures de guerre et guerre des blessures : la « balle humanitaire » en débat en Europe et au Japon, 1890-1905},
	volume = {257},
	issn = {0027-2671, 1961-8646},
	url = {http://www.cairn.info/revue-le-mouvement-social-2016-4-page-93.htm},
	doi = {10.3917/lms.257.0093},
	shorttitle = {Entre blessures de guerre et guerre des blessures},
	pages = {93},
	number = {4},
	journaltitle = {Le Mouvement Social},
	author = {Daimaru, Ken},
	urldate = {2020-10-28},
	date = {2016},
	langid = {french},
}

@book{wright_david_doctors_2016,
	location = {Toronto Buffalo London},
	title = {Doctors beyond borders  : the transnational migration of physicians in the twentieth century},
	isbn = {978-1-4426-2961-5},
	abstract = {"The transnational migration of health care practitioners has become a critical issue in global health policy and ethics. Doctors beyond Borders provides an essential historical perspective on this international issue, showing how foreign-trained doctors have challenged--and transformed--health policy and medical practice in countries around the world. Drawing on a wide variety of sources, from immigration records and medical directories to oral histories, the contributors study topics ranging from the influence of South Asian doctors on geriatric medicine in the United Kingdom to the Swedish reaction to the arrival of Jewish physicians fleeing Nazi Germany and the impact of the Vietnam War on the migration of doctors to Canada. Combining social history, the history of health and medicine, and immigration history, Doctors beyond Borders is an impressive selection of essays on a topic that continues to have global relevance."--},
	publisher = {University of Toronto Press},
	author = {{Wright David}},
	editorb = {{Wright David} and {Monnais Laurence}},
	editorbtype = {redactor},
	date = {2016},
	keywords = {Emigration and immigration -- History -- 20th century, Medicine -- History -- 20th century, Médecine -- Histoire -- Vingtième siècle, Physicians -- History -- 20th century, Transnationalism -- History -- 20th century},
}

@book{noauthor_notitle_nodate,
}

@article{ruckenstein_par-a_2019,
	title = {Par-delà le Quantified Self},
	volume = {n° 216},
	issn = {0751-7971},
	url = {https://www.cairn.info/revue-reseaux-2019-4-page-55.htm},
	abstract = {Nous examinerons dans cet article la m\&\#233;taphore du Quantified Self ({QS}) telle qu\&\#8217;elle est pr\&\#233;sent\&\#233;e dans le magazine Wired (2008-2012), o\&\#249; nous avons identifi\&\#233; quatre th\&\#232;mes interd\&\#233;pendants \&\#8211; transparence, optimisation, boucles de r\&\#233;troaction et biohacking \&\#8211; comme fondements de la d\&\#233;finition d\&\#8217;un nouveau soi num\&\#233;rique et de la diffusion d\&\#8217;un paradigme data\&\#239;ste. En sugg\&\#233;rant que le {QS} fait jouer aux dispositifs et applications d\&\#8217;autosuivi un r\&\#244;le d\&\#8217;interfaces pour dynamiser notre engagement aupr\&\#232;s des nouvelles technologies et nous pousser ainsi \&\#224; repenser la vie en se centrant sur les donn\&\#233;es, Wired met en exergue certains int\&\#233;r\&\#234;ts et d\&\#233;sirs li\&\#233;s \&\#224; la m\&\#233;taphore du {QS}, mais en ignore et en minimise d\&\#8217;autres. Notre analyse th\&\#233;matique du {QS} servira d\&\#8217;aide sch\&\#233;matique pour soulever certaines questions critiques sur la quantification de soi, et notamment d\&\#233;tecter la fusion d\&\#8217;affirmations \&\#233;pist\&\#233;mologiques, de produits technologiques et d\&\#8217;op\&\#233;rations commerciales. De ce point de vue, une autre d\&\#233;finition du {QS} \&\#233;merge\&\#160;: un syst\&\#232;me de connaissances qui reste souple dans ses objectifs et qui peut \&\#234;tre utilis\&\#233; comme ressource, aussi bien pour la recherche \&\#233;pist\&\#233;mologique que dans la formation de paradigmes alternatifs.},
	pages = {55--81},
	number = {4},
	journaltitle = {Reseaux},
	author = {Ruckenstein, Minna and Pantzar, Mika},
	urldate = {2019-06-26},
	date = {2019-06-26},
	langid = {french},
}

@book{martin_diplomatie_2018,
	title = {La diplomatie n\#x92;est pas un dîner de gala: Mémoires d'un ambassadeur},
	isbn = {978-2-8159-2764-2},
	url = {http://sbiproxy.uqac.ca/login?url=http://international.scholarvox.com/book/88855667},
	shorttitle = {La diplomatie n\#x92;est pas un dîner de gala},
	author = {Martin, Claude},
	urldate = {2019-06-04},
	date = {2018},
	note = {{OCLC}: 1038024731},
}

@collection{pouillon_dictionnaire_2012,
	location = {Paris},
	title = {Dictionnaire des orientalistes de langue française},
	isbn = {978-2-84586-802-1},
	pagetotal = {1073},
	publisher = {{IlSMM} : Karthala},
	editor = {Pouillon, François},
	date = {2012},
	note = {{OCLC}: ocn276645328},
	keywords = {Asianists, Biography, France, Middle East specialists},
}

@book{la_bastide_les_1985,
	location = {Monaco},
	title = {Les quatre voyages: au cœur des civilisations},
	isbn = {978-2-268-00402-0},
	series = {Collection Civilisation et tradition},
	shorttitle = {Les quatre voyages},
	pagetotal = {223},
	publisher = {Editions du Rocher},
	author = {La Bastide, Henri de},
	date = {1985},
	keywords = {Spiritual life},
}

@article{viltard_a_1996,
	title = {À quoi servent les sinologues ? De la difficulté d'être sinologue dans les années soixante aux Etats-Unis},
	volume = {9},
	issn = {0295-2319},
	url = {https://www.persee.fr/doc/polix_0295-2319_1996_num_9_36_1982},
	doi = {10.3406/polix.1996.1982},
	shorttitle = {À quoi servent les sinologues ?},
	pages = {115--140},
	number = {36},
	journaltitle = {Politix},
	author = {Viltard, Yves},
	urldate = {2019-06-04},
	date = {1996},
	langid = {french},
}

@book{renaud_les_2011,
	location = {Paris},
	edition = {Éd. entièrement mise à jour},
	title = {Les diplomates: derrière la façade des ambassades de France ; [nouvelles révélations]},
	isbn = {978-2-84736-616-7},
	series = {Noveau monde poche},
	shorttitle = {Les diplomates},
	pagetotal = {520},
	publisher = {Nouveau Monde éd},
	author = {Renaud, Franck},
	date = {2011},
	note = {{OCLC}: 774949157},
}

@inreference{sullivan_france_2016,
	title = {France},
	booktitle = {Historical dictionary of the People's Republic of China},
	publisher = {Rowman \& Littlefield},
	author = {Sullivan, Lawrence R.},
	date = {2016},
}

@book{comite_national_devaluation_des_etablissements_publics_a_caractere_scientifique_culturel_et_professionnel_rapport_1991,
	title = {Rapport d’évaluation de l’{INALCO} en tant qu’établissements publiques à caractère scientifique, culturel et professionnel.},
	author = {Comité National d’Evaluation des etablissements publics à caractère scientifique, culturel et professionnel},
	date = {1991},
}

@article{stoler_rethinking_1989,
	title = {Rethinking Colonial Categories: European Communities and the Boundaries of Rule},
	volume = {31},
	issn = {0010-4175, 1475-2999},
	url = {http://www.journals.cambridge.org/abstract_S0010417500015693},
	doi = {10.1017/S0010417500015693},
	shorttitle = {Rethinking Colonial Categories},
	pages = {134},
	number = {1},
	journaltitle = {Comparative Studies in Society and History},
	author = {Stoler, Ann Laura},
	urldate = {2019-04-06},
	date = {1989-01},
	langid = {english},
}

@book{stoler_race_2012,
	title = {Race and the Education of Desire: Foucault’s History of Sexuality and the Colonial Order of Things},
	isbn = {978-0-8223-7771-9},
	url = {http://read.dukeupress.edu/lookup/doi/10.1215/9780822377719},
	shorttitle = {Race and the Education of Desire},
	publisher = {Duke University Press},
	author = {Stoler, Ann Laura},
	urldate = {2019-04-06},
	date = {2012-10-01},
	langid = {english},
	doi = {10.1215/9780822377719},
}

@book{stoler_chair_2013,
	location = {Paris},
	title = {La chair de l'empire: savoirs intimes et pouvoirs raciaux en régime colonial},
	isbn = {978-2-7071-7559-5},
	series = {Collection Genre \& sexualité},
	shorttitle = {La chair de l'empire},
	pagetotal = {298},
	publisher = {La Découverte},
	author = {Stoler, Ann Laura},
	date = {2013},
	note = {{OCLC}: 854631255},
}

@incollection{braunstein_leclat_2017,
	location = {Paris},
	title = {L'éclat de Foucault dans les études (post)coloniales. Trop "prêt à porter"?},
	isbn = {979-10-351-0027-8},
	series = {La philosophie à l'oeuvre},
	number = {no 19},
	booktitle = {Foucault(s)},
	publisher = {Éditions de la Sorbonne},
	author = {Stoler, Ann Laura},
	editor = {Braunstein, Jean-François and Lorenzini, Daniele and Revel, Ariane and Revel, Judith and Sforzini, Arianna},
	date = {2017},
	note = {{OCLC}: 1003192531},
}

@book{delmas-marty_chine_2007,
	location = {Paris},
	title = {La Chine et la démocratie},
	isbn = {978-2-286-03079-7},
	publisher = {Le Grand livre du mois},
	author = {Delmas-Marty, Mireille and Will, Pierre-Étienne},
	date = {2007},
	note = {{OCLC}: 470791512},
}

@incollection{tronchet_diplomatie_2013,
	location = {Rennes},
	title = {Diplomatie universitaire ou diplomatie culturelle? La Cité internationale universitaire de Paris entre deux rives (1920-1940)},
	booktitle = {La Babel étudiante. La Cité internationale universitaire de Paris (1920-1940)},
	publisher = {Presse Universitaire de rennes},
	author = {Tronchet, Guillaume},
	date = {2013},
}

@book{publishing_enseignement_2005,
	location = {Paris},
	title = {Enseignement supérieur: internationalisation et commerce.},
	isbn = {978-92-64-01505-0},
	shorttitle = {Enseignement supérieur},
	publisher = {Organisation for Economic Cooperation and Development ({OECD})},
	author = {Publishing, {OECD}},
	date = {2005},
	note = {{OCLC}: 956696297},
}

@article{teichler_internationalisation_2017,
	title = {Internationalisation trends in higher education and the changing role of international student mobility},
	issn = {2296-5165},
	url = {https://www.cairn.info/revue-journal-of-international-mobility-2017-1-page-177.htm},
	series = {1},
	number = {5},
	journaltitle = {Journal of international Mobility},
	author = {Teichler, Ulrich},
	date = {2017},
}

@incollection{dabene_politique_2007,
	location = {Paris},
	title = {Politique extérieure et démocratie au Venezuela de Chavez},
	isbn = {978-2-7246-1039-0},
	series = {Mondes},
	booktitle = {Amérique latine, les élections contre la démocratie?},
	publisher = {Presses de la Fondation nationale des sciences politiques},
	editor = {Dabène, Olivier},
	date = {2007},
	keywords = {1980-, Democracy, Elections, Latin America, Politics and government},
}

@article{andreani_quand_2018,
	title = {Quand la (contre-)révolution vote avec ses pieds : penser l'explosion migratoire vénézuélienne},
	volume = {4},
	issn = {0338-487X},
	url = {https://www.cairn.info/revue-herodote-2018-4-page-29.htm},
	number = {171},
	journaltitle = {Hérodote},
	author = {Andréani, Fabrice and Laplace, Lucie},
	date = {2018},
}

@article{noauthor_notitle_nodate-1,
}

@article{giblin_geopolitique_2018,
	title = {Géopolitique de l'Amérique latine},
	issn = {9782348040795 2348040794},
	number = {171},
	journaltitle = {Hérodote},
	author = {Giblin, Béatrice},
	date = {2018},
	note = {{OCLC}: 1080591355},
}

@book{bergere_chine_2000,
	location = {Paris},
	edition = {3e éd. revue et augmentée},
	title = {La Chine de 1949 à nos jours},
	isbn = {978-2-200-25123-9},
	series = {Collection U. Histoire},
	pagetotal = {382},
	publisher = {A. Colin},
	author = {Bergère, Marie-Claire},
	date = {2000},
	note = {{OCLC}: ocm43630854},
	keywords = {1949-, China, History},
}

@book{brizay_france_2013,
	location = {Paris},
	title = {La France en Chine. Du {XVIIe} siècle à nos jours},
	isbn = {978-2-262-04209-7},
	url = {https://www.cairn.info/la-france-en-chine--9782262042097.htm},
	series = {Synthèses historiques},
	abstract = {Tout commence avec Louis {XIV}, qui envoie des savants missionnaires jésuites à la cour de l’empereur Kangxi avec le fol espoir de convertir le souverain et ses sujets au catholicisme. La présence française, alors relativement pacifique, devient, au {XIXe} siècle, beaucoup plus agressive : trois fois en guerre avec la Chine, la France participe aux côtés de la Grande-Bretagne au tristement célèbre sac du palais d’Eté en 1860. Des Français de tous horizons y sont alors nombreux : militaires, diplomates, explorateurs, aventuriers, sinologues, écrivains, hommes d’affaires. A travers leurs réalisations, se dessine une histoire riche, diverse, étonnante et passionnante, où l’on croise le père Huc, Paul Claudel, Victor Segalen, les aventuriers de la Croisière jaune, les concepteurs fous du train du Yunnan, les canonnières du Yang-Tsé, et jusqu’à de Gaulle, le premier chef d’Etat occidental à reconnaître la Chine de Mao. Si ce pays doit beaucoup à la France, l’inverse n’ en est pas moins vrai, et l’auteur nous livre en filigrane une vision nouvelle des rapports franco-chinois de 1685 à nos jours.},
	pagetotal = {560},
	publisher = {Éditions Perrin},
	author = {Brizay, Bernard},
	date = {2013},
}

@article{luc_les_nodate,
	title = {Les archives universitaires. De nouvelles sources pour l'histoire de l'enseignement supérieur et de la recherche},
	pages = {215},
	author = {Luc, Jean-Noël and Méchine, Stéphanie and Picard, Emmanuelle},
	langid = {french},
}

@book{charle_histoire_2012,
	location = {Paris cedex 14},
	title = {Histoire des universités. {XIIe}-{XXIe} siècle},
	isbn = {978-2-13-058813-9},
	url = {https://www.cairn.info/histoire-des-universites--9782130588139.htm},
	series = {Quadrige},
	abstract = {Dans quelles conditions les universités sont-elles nées en Italie, en France et en Angleterre au début du {XIIIe} siècle ?
Comment ce modèle d’enseignement européen s’est-il diffusé dans le monde à partir du {XVIe} siècle ?
Quelles transformations majeures l’université a-t-elle connues depuis le {XVIIIe} siècle ?
L’universalisation de l’université depuis 1945 contribue-t-elle à l’essor d’une « société du savoir » ?

Communauté autonome de maîtres et d’étudiants, l’université comme modèle d’enseignement supérieur a traversé d’importantes muta-tions du Moyen Âge à l’époque contemporaine. Celles-ci sont analysées dans ce manuel au prisme des contextes culturels, religieux, sociaux et politiques de chaque époque et de chaque pays. Cette Histoire des universités offre ainsi une clé de lecture pertinente pour mieux comprendre notre héritage intellectuel et le fonctionnement de nos sociétés, ainsi que la circulation des modèles culturels et des savoirs.},
	pagetotal = {352},
	publisher = {Presses Universitaires de France},
	author = {Charle, Christophe and Verger, Jacques},
	date = {2012},
}

@article{popa_circulation_2011,
	title = {La circulation transnationale du livre : un instrument de la guerre froide culturelle},
	volume = {n° 15},
	url = {https://www.cairn.info/revue-histoire-politique-2011-3-page-25.htm},
	shorttitle = {La circulation transnationale du livre},
	abstract = {{\textless}titre{\textgreater}R\&\#233;sum\&\#233;{\textless}/titre{\textgreater}L\&\#8217;article aborde la guerre froide sous l\&\#8217;angle des transferts culturels Est/Ouest et de la circulation transnationale du livre. Ciblant les flux des livres envoy\&\#233;s depuis l\&\#8217;Occident ers les pays socialistes, il analyse les acteurs qui les ont initi\&\#233;s \&\#224; partir du d\&\#233;gel, leurs pratiques et leurs projets \&\#233;ditoriaux. Il retrace ainsi des strat\&\#233;gies de combat anticommuniste ayant eu recours \&\#224; la circulation transnationale de l\&\#8217;imprim\&\#233; et \&\#224; la traduction. Cette perspective contribue \&\#224; enrichir l\&\#8217;analyse de la guerre froide de nouvelles dimensions, en ne la limitant pas \&\#224; une opposition frontale entre deux \&\#171;\&\#160;blocs\&\#160;\&\#187; qui auraient \&\#233;t\&\#233; herm\&\#233;tiquement s\&\#233;par\&\#233;s. \&\#192; travers la mise au jour de circulations diff\&\#233;renci\&\#233;es, elle permet aussi de montrer que \&\#171;\&\#160;l\&\#8217;Europe de l\&\#8217;Est\&\#160;\&\#187; n\&\#8217;\&\#233;tait pas un camp monolithique.},
	pages = {25--41},
	number = {3},
	journaltitle = {Histoire@Politique},
	author = {Popa, Ioana},
	urldate = {2019-02-11},
	date = {2011-11-08},
	langid = {french},
}

@book{billeter_rencontre_2017,
	location = {Paris},
	title = {Une rencontre à Pékin},
	isbn = {979-10-304-0685-6},
	pagetotal = {150},
	publisher = {Éditions Allia},
	author = {Billeter, Jean François},
	date = {2017},
	keywords = {Billeter, Jean François, Biography, Sinologists, Switzerland},
}

@book{manach_chine_1980,
	location = {Paris},
	title = {La Chine},
	isbn = {978-2-213-00623-9},
	series = {His Mémoires d'Extrême Asie},
	pagetotal = {678},
	number = {2},
	publisher = {Fayard},
	author = {Manac'h, Étienne M.},
	date = {1980},
	keywords = {1949-1976, Ambassadors, Biography, China, France, Manac'h, Étienne M, Politics and government},
}

@book{roux_casse-tete_1980,
	location = {Paris},
	title = {Le casse-tête chinois, trente ans de Chine socialiste vus par un communiste français},
	publisher = {Editions sociales},
	author = {Roux, Alain},
	date = {1980},
}

@book{denes_douceur_2015,
	location = {Montreuil (Seine Saint-Denis)},
	title = {Douceur de l'aube: Souvenirs doux-amers d'un Parisien dans la Chine de Mao},
	isbn = {978-2-915694-78-9},
	shorttitle = {Douceur de l'aube},
	publisher = {L'Insomniaque},
	author = {Denès, Hervé and Pimpaneau, Jacques},
	date = {2015},
	note = {{OCLC}: 911179252},
}

@book{marsouin_nous_1966,
	edition = {L'Ordre du jour, La Table Ronde},
	title = {Nous avons enseigné en Chine populaire},
	publisher = {Gallimard},
	author = {Marsouin, Jacques et Thérèse},
	date = {1966},
}

@book{de_blasi_mille_2011,
	location = {Paris},
	title = {Mille jours à Venise},
	isbn = {978-2-07-044071-9},
	abstract = {Ceci n'est pas un conte, c'est une histoire vraie. L'enthousiaste et désarmante Marlena, bouleversée par sa rencontre avec un "bel étranger", liquide en quelques semaines tout ce qu'elle avait en Amérique, une jolie maison, un charmant restaurant, une brillante carrière de critique gastronomique, pour aller vivre avec lui à Venise. Les obstacles à surmonter sont nombreux : la langue qu'elle ne parle pas, l'appartement sinistre de son mari, la solitude, l'ennui. Mais Marlena est pleine de ressources. Elle nous entraîne dans le récit plein d'humour de ses découvertes et de ses mécomptes, puis de son bonheur à se sentir peu à peu acceptée. Jusqu'au jour où l'imprévisible Fernando lui réserve une étrange surprise...},
	publisher = {Gallimard},
	author = {De Blasi, Marlena and Bay, Marie-Pierre},
	date = {2011},
	note = {{OCLC}: 762736705},
}
@article{haitao_language_nodate,
	title = {Language Equality in International Relations - The Role of China},
	pages = {7},
	author = {Haitao, {LIU}},
	langid = {english},
}

@report{cahiers_du_comite_dhistoire_les_2014,
	location = {Paris},
	title = {Les Chinois en France},
	number = {18},
	institution = {Ministère du travail},
	author = {Cahiers du comité d'histoire},
	date = {2014},
}

@report{groupe_damitie_france-chine_rapport_2011,
	title = {Rapport d'information sur la Chine},
	institution = {Assemblée Nationale},
	author = {Groupe d'amitié France-Chine},
	date = {2011},
}

@book{wang_chinese_1966,
	location = {Chapel Hill},
	title = {Chinese Intellectuals and the West, 1872-1949.},
	url = {https://www.persee.fr/doc/ahess_0395-2649_1968_num_23_5_421998_t1_1141_0000_2},
	pagetotal = {80},
	publisher = {University of North Carolina Press},
	author = {Wang, Y. C.},
	urldate = {2019-02-08},
	date = {1966},
}

@collection{daniel_france-chine._2015,
	location = {Rennes},
	edition = {Presses Universitaires de Rennes},
	title = {France-Chine. Les échanges culturels et linguistiques Histoire, enjeux, perspectives},
	url = {http://www.pur-editions.fr/detail.php?idOuv=3766},
	editor = {Daniel, Yvan and Grangé, Philippe and Han, Zhuxiang and Martinière, Guy and Raibaud, Martine},
	urldate = {2019-02-10},
	date = {2015},
}

@collection{daniel_france-chine:_2015,
	location = {Rennes},
	title = {France-Chine: les échanges culturels et liguistiques ; histoire, enjeux, perspectives},
	isbn = {978-2-7535-3626-5},
	series = {Plurial},
	shorttitle = {France-Chine},
	pagetotal = {480},
	number = {26},
	publisher = {Presses universitaires de Rennes},
	editor = {Daniel, Yvan},
	date = {2015},
	langid = {french},
}

@collection{labrousse_langueso_1995,
	location = {Paris},
	title = {Langues'O, 1795 - 1995: deux siècles d'histoire de l'Ecole des Langues Orientales},
	isbn = {978-2-903118-90-7},
	shorttitle = {Langues'O, 1795 - 1995},
	pagetotal = {477},
	publisher = {Éd. Hervas},
	editor = {Labrousse, Pierre},
	date = {1995},
	note = {{OCLC}: 728787890},
}

@book{richmond_cultural_2003,
	title = {Cultural Exchange and the Cold War: Raising the Iron Curtain},
	isbn = {978-0-271-02532-2},
	url = {https://www.jstor.org/stable/10.5325/j.ctt7v4f9},
	shorttitle = {Cultural Exchange and the Cold War},
	abstract = {Some fifty thousand Soviets visited the United States under various exchange programs between 1958 and 1988. They came as scholars and students, scientists and engineers, writers and journalists, government and party officials, musicians, dancers, and athletes—and among them were more than a few {KGB} officers. They came, they saw, they were conquered, and the Soviet Union would never again be the same. Cultural Exchange and the Cold War describes how these exchange programs (which brought an even larger number of Americans to the Soviet Union) raised the Iron Curtain and fostered changes that prepared the way for Gorbachev's glasnost, perestroika, and the end of the Cold War. This study is based upon interviews with Russian and American participants as well as the personal experiences of the author and others who were involved in or administered such exchanges. Cultural Exchange and the Cold War demonstrates that the best policy to pursue with countries we disagree with is not isolation but engagement.},
	publisher = {Penn State University Press},
	author = {{RICHMOND}, {YALE}},
	urldate = {2019-02-10},
	date = {2003},
}

@incollection{bozo_mitterrand_2016,
	location = {Rennes},
	title = {Mitterrand, la diplomatie française et la « nouvelle » guerre froide (1981-1984)},
	isbn = {978-2-7535-4925-8},
	url = {http://books.openedition.org/pur/25897},
	series = {Enquêtes et documents},
	pages = {29--46},
	booktitle = {Relations internationales et stratégie : De la guerre froide à la guerre contre le terrorisme},
	publisher = {Presses universitaires de Rennes},
	author = {Bozo, Frédéric},
	urldate = {2019-02-10},
	date = {2016-06-22},
	keywords = {France, Guerre froide, relations extérieures, relations internationales, terrorisme},
}

@article{bu_educational_1999,
	title = {Educational Exchange and Cultural Diplomacy in the Cold War},
	volume = {33},
	issn = {00218758},
	url = {http://www.journals.cambridge.org/abstract_S0021875899006167},
	doi = {10.1017/S0021875899006167},
	pages = {393--415},
	number = {3},
	journaltitle = {Journal of American Studies},
	author = {Bu, Liping},
	urldate = {2019-02-10},
	date = {1999-12},
	langid = {english},
}

@book{charle_les_2001,
	location = {Paris},
	edition = {2. ed},
	title = {Les intellectuels en Europe au {XIXe} siècle: essai d'histoire comparée},
	isbn = {978-2-02-050050-0},
	series = {Points Histoire},
	shorttitle = {Les intellectuels en Europe au {XIXe} siècle},
	pagetotal = {452},
	number = {291},
	publisher = {Éd. du Seuil},
	author = {Charle, Christophe},
	date = {2001},
	note = {{OCLC}: 237568584},
}

@book{hayhoe_chinas_2018,
	location = {Place of publication not identified},
	title = {China's univsersities, 1895-1995: a century of cultural conflict.},
	isbn = {978-1-315-14385-9},
	shorttitle = {{CHINA}'S {UNIVERSITIES}, 1895-1995},
	publisher = {{ROUTLEDGE}},
	author = {Hayhoe, Ruth},
	date = {2018},
	note = {{OCLC}: 1015819211},
}

@book{hayhoe_portraits_2010,
	location = {Hong Kong},
	title = {Portraits of influential chinese educators},
	isbn = {978-1-4020-5568-3},
	publisher = {Comparative Education Research Centre, The University of Hong Kong},
	author = {Hayhoe, Ruth and {University of Hong Kong} and {Comparative Education Research Centre}},
	date = {2010},
	note = {{OCLC}: 851329833},
}

@book{hayhoe_portraits_2007,
	location = {Dordrecht, The Netherlands},
	title = {Portraits of influential Chinese educators},
	isbn = {978-1-4020-5567-6 978-1-4020-5568-3},
	series = {{CERC} studies in comparative education},
	pagetotal = {399},
	number = {17},
	publisher = {Springer},
	author = {Hayhoe, Ruth},
	date = {2007},
	keywords = {Biography, China, Education, Educators, Philosophy},
}

@book{hooper_foreigners_2016,
	location = {Hong Kong},
	title = {Foreigners under Mao: Western lives in China, 1949-1976},
	isbn = {978-988-8208-74-6},
	shorttitle = {Foreigners under Mao},
	pagetotal = {292},
	publisher = {Hong Kong University Press},
	author = {Hooper, Beverley},
	date = {2016},
	note = {{OCLC}: 945749558},
}

@article{strassel_geopolitical_2018,
	title = {The geopolitical challenges of university globalization},
	volume = {168},
	issn = {0338-487X},
	abstract = {University globalization refers to the phenomenon behind the rising number of international students and exchange programs worldwide, as well as the increase in institution offshoring. This concept, however, also conveys specific views on higher education. The latter have led to new norms that are used by various interest groups to standardize the organization and functioning of institutions on the basis of a model inspired by the Anglo-American “research university.” These norms, conveyed in particular by world rankings, are shaping the programs aimed at accelerating the transformation of higher education in Europe, such as the Exzellenzinitiative in Germany, or the Idex in France. They are gradually reducing the specificities of the national models and are tending to lessen the ability of governments to focus their higher education policy on their own objectives.},
	pages = {9},
	number = {1},
	journaltitle = {Hérodote},
	author = {Strassel, Christophe},
	date = {2018},
	note = {{OCLC}: 7961557997},
}

@article{strassel_les_2018,
	title = {Les enjeux géopolitiques de la mondialisation universitaire},
	volume = {N° 168},
	issn = {0338-487X},
	url = {https://www.cairn.info/revue-herodote-2018-1-page-9.htm},
	abstract = {La mondialisation universitaire désigne le phénomène qui voit les effectifs étudiants et les échanges internationaux d’étudiants augmenter partout dans le monde, ainsi que les délocalisations d’établissements s’intensifier. Toutefois, la mondialisation universitaire véhicule également des représentations sur l’enseignement supérieur. Celles-ci sont à l’origine de normes qui sont utilisées par divers groupes de pression pour uniformiser l’organisation et le fonctionnement des établissements sur la base d’un modèle qui est celui de l’« université de recherche » anglo-saxonne. Ces normes sont véhiculées notamment par les classements internationaux et structurent les programmes qui visent à accélérer les transformations de l’enseignement supérieur en Europe : Exzellenzinitiative en Allemagne, Idex en France. Elles réduisent progressivement les spécificités des modèles nationaux et tendent à réduire la capacité des États à orienter leur politique d’enseignement supérieur sur la base d’objectifs propres.},
	pages = {9--38},
	number = {1},
	journaltitle = {Herodote},
	author = {Strassel, Christophe},
	urldate = {2019-02-10},
	date = {2018-06-14},
	langid = {french},
}

@book{iriye_palgrave_2009,
	title = {The Palgrave dictionary of transnational history},
	isbn = {978-1-349-74030-7},
	url = {http://public.eblib.com/choice/publicfullrecord.aspx?p=4720059},
	abstract = {The Palgrave Dictionary of Transnational History is written by over 350 authors from 25 countries and numerous subject disciplines. They share the belief that modern world history must be understood, not simply as a sum of national histories or a chronical of inter-state affairs, but also as a story of connections and circulation, by people, goods, ideas and skills. These are not always confined to any particular country or region of the world, nor are they identifiable with states or governments. The essence of history can only be fully understood by following the flows, ties and appropriations they trigger across borders.},
	author = {Iriye, A and Iriye, Akira and Saunier, Pierre-Yves},
	urldate = {2019-02-09},
	date = {2009},
	note = {{OCLC}: 949365441},
}

@collection{bergere_siecle_1995,
	location = {Paris},
	title = {Un siècle d'enseignement du chinois à l'École des Langues Orientales: 1840 - 1945 ; bicentenaire des langues orientales ; [langues'O 1795 - 1995]},
	isbn = {978-2-911053-06-1},
	shorttitle = {Un siècle d'enseignement du chinois à l'École des Langues Orientales},
	pagetotal = {381},
	publisher = {Asiathèque},
	editor = {Bergère, Marie-Claire and Institut National des Langues et Civilisations Orientales},
	date = {1995},
	note = {{OCLC}: 247592965},
}

@video{noauthor_harlem_1989,
	title = {Harlem Désir et des étudiants chinois},
	url = {https://www.ina.fr/video/I08037370/harlem-desir-et-des-etudiants-chinois-video.html},
	date = {1989},
}

@article{afp_nouvelle-caledonie_nodate,
	title = {La Nouvelle-Calédonie, un enjeu stratégique pour la France - Le Point},
	url = {https://www.lepoint.fr/economie/la-nouvelle-caledonie-un-enjeu-strategique-pour-la-france-02-11-2018-2267996_28.php},
	author = {{AFP}},
	urldate = {2019-01-26},
}

@book{rudofsky_architecture_nodate,
	title = {Architecture without architects},
	author = {Rudofsky, Bernard},
}

@book{roger_maison_1990,
	edition = {Parenthèses -A.D.C.K - Orstom},
	title = {La maison kanak},
	series = {Collection Architectures traditionnelles},
	author = {Roger, Boulay},
	date = {1990},
}

@book{brewer_sinews_1994,
	location = {London},
	edition = {Repr},
	title = {Sinews of Power: war, money and the English state, 1688 - 1783},
	isbn = {978-0-415-10928-4},
	shorttitle = {Sinews of Power},
	pagetotal = {289},
	publisher = {Routledge},
	author = {Brewer, John},
	date = {1994},
	note = {{OCLC}: 832479315},
}

@article{bardet_premiers_2013,
	title = {Des premiers empires à la première mondialisation, xvie-xxe siècles : simples influences ou répétition générale ?},
	rights = {Les contenus d’Études caribéennes sont mis à disposition selon les termes de la  Licence Creative Commons Attribution - Pas d'Utilisation Commerciale 4.0 International.},
	issn = {1779-0980},
	url = {http://journals.openedition.org/etudescaribeennes/6207},
	doi = {10.4000/etudescaribeennes.6207},
	shorttitle = {Des premiers empires à la première mondialisation, xvie-xxe siècles},
	abstract = {Nous tenterons de décoder les liens unissant le nouvel âge des impérialismes européens à la première mondialisation, ces deux périodes coexistant parfaitement dans les années 1870-1914. À travers une revue de la période fondatrice des nouveaux impérialismes précédant la Première Guerre mondiale, nous dégagerons un tableau de normes démontrant à quel point la première mondialisation sut s’inspirer de concepts développés pour l’expansion impériale des grandes puissances, tout en insistant sur les différences inhérentes à ces deux façons de concevoir les relations internationales.},
	number = {22},
	journaltitle = {Études caribéennes},
	author = {Bardet, Flavien},
	urldate = {2019-01-20},
	date = {2013-08-15},
	langid = {french},
}

@article{delalande_i._2010,
	title = {I. La construction de l'État fiscal (fin {XVIIIe}-fin {XIXe} siècle)},
	issn = {0993-7625},
	url = {https://www.cairn.info/article.php?ID_ARTICLE=DEC_DELAL_2010_01_0009},
	pages = {9--32},
	journaltitle = {Reperes},
	author = {Delalande, Nicolas and Spire, Alexis},
	urldate = {2019-01-20},
	date = {2010},
	langid = {french},
}

@online{noauthor_france_nodate,
	title = {La France aux antipodes : histoire de la Nouvelle-Calédonie},
	url = {http://saone.univ-paris3.fr/primo_library/libweb/action/dlDisplay.do?vid=BSB&afterPDS=true&docId=ALEPH_BSB000152179},
	shorttitle = {La France aux antipodes},
	urldate = {2019-01-18},
	langid = {french},
}

@collection{wright_politics_1991,
	location = {Chicago},
	title = {The politics of design in French colonial urbanism},
	isbn = {978-0-226-90846-5 978-0-226-90848-9},
	pagetotal = {389},
	publisher = {Univ. of Chicago Press},
	editor = {Wright, Gwendolyn},
	date = {1991},
	note = {{OCLC}: 231269140},
}

@book{piano_noume-_2008,
	location = {Genova},
	title = {Nouméa - Centre Culturel Jean-Marie Tjibaou},
	isbn = {978-88-6264-003-9},
	series = {Fondazione Renzo Piano},
	pagetotal = {190},
	publisher = {Fondazione Renzo Piano},
	author = {Piano, Renzo and Piano, Lia},
	editora = {Fondazione Renzo Piano and Ngan Jila Centre Culturel Tjibaou},
	editoratype = {collaborator},
	date = {2008},
	note = {{OCLC}: 699525075},
}

@book{bensa_ethnologie_2000,
	location = {Paris},
	title = {Ethnologie \& architecture: Nouméa, Nouvelle-Calédonie, le Centre culturel Tjibaou ; une réalisation de Renzo Piano},
	isbn = {978-2-87660-240-3},
	shorttitle = {Ethnologie \& architecture},
	pagetotal = {207},
	publisher = {Biro},
	author = {Bensa, Alban and Piano, Renzo},
	date = {2000},
	note = {{OCLC}: 231940142},
}

@book{eaton_cite_2001,
	location = {Anvers},
	title = {Cité idéales: l'utopisme et l'environnement (non) bâti},
	isbn = {978-90-6153-474-7},
	shorttitle = {Cité idéales},
	publisher = {Mercator},
	author = {Eaton, Ruth},
	date = {2001},
	note = {{OCLC}: 881600290},
}

@collection{dethier_ville_1994,
	location = {Paris},
	title = {La ville, art et architecture en Europe, 1870-1993: ouvrage publié à l'occasion de l'exposition présentée du 10 février au 9 mai 1994 dans la grande galerie du Centre Georges Pompidou},
	isbn = {978-2-85850-743-6},
	shorttitle = {La ville, art et architecture en Europe, 1870-1993},
	pagetotal = {467},
	publisher = {Editions du Centre Georges Pompidou},
	editor = {Dethier, Jean and Guiheux, A. and Centre Georges Pompidou},
	date = {1994},
	keywords = {19th century, 20th century, Art, European, Cities and towns in art, City planning, Europe, Exhibitions, History},
}

@book{branzi_no-stop_2006,
	location = {Orléans},
	title = {No-stop city: Archizoom associati},
	isbn = {978-2-910385-39-2},
	series = {Librairie de l'architecture et de la ville},
	shorttitle = {No-stop city},
	pagetotal = {187},
	publisher = {{HYX}},
	author = {Branzi, Andrea},
	date = {2006},
	keywords = {Archizoom associati, City planning, Forecasting, Radical architecture, Repetition (Aesthetics)},
}

@online{noauthor_http://www.frac-centre.fr/collection-art-architecture_nodate,
	title = {http://www.frac-centre.fr/collection-art-architecture},
}

@collection{mastrigli_superstudio:_2016,
	location = {Macerata},
	edition = {Prima edizione},
	title = {Superstudio: opere, 1966-1978},
	isbn = {978-88-7462-813-1},
	series = {Habitat},
	shorttitle = {Superstudio},
	pagetotal = {667},
	number = {7},
	publisher = {Quodlibet},
	editor = {Mastrigli, Gabriele and Superstudio (Group)},
	date = {2016},
	keywords = {Exhibitions, Superstudio (Group)},
}

@book{navone_architettura_1974,
	location = {Milan},
	edition = {Documenti di Casabella},
	title = {Architettura "radicale"},
	author = {Navone, Paola and Orlandoni, Bruno},
	date = {1974},
}

@book{institut_dart_contemporain_villeurbanne_architecture_2002,
	location = {Villeurbanne},
	title = {Architecture radicale: [exposition], Institut d'art contemporain-{IAC}, Villeurbanne, du 12 janvier au 27 mai 2001},
	isbn = {978-2-905985-58-3},
	shorttitle = {Architecture radicale},
	publisher = {Institut d'art contemporain},
	author = {Institut d'art contemporain (Villeurbanne, Rhône : 1998- ...) and Centro atlántico de arte moderno (Las Palmas, Espagne)},
	date = {2002},
	note = {{OCLC}: 469901611},
}

@inproceedings{bastid-bruguiere_systeme_1976,
	location = {Université des Sciences sociales de Toulouse},
	title = {Le système politique de la République Populaire de Chine (théorie et pratique)},
	volume = {Tome {XXV}},
	publisher = {Anciennes Annales de la faculté de droit de Toulouse},
	author = {Bastid-Bruguière, Marianne},
	date = {1976},
}

@thesis{gao_diplomatie_2015,
	title = {Une diplomatie réaliste dans le cadre de la {GF}- nouvelle recherche su l’histoire des relations sino-françaises (1949-1969)},
	pagetotal = {296},
	institution = {{ENS} Cachan},
	type = {Sciences sociales, philosophie, art},
	author = {Gao, Jiayi},
	date = {2015},
}

@book{boullenois_revolution_2013,
	location = {Paris},
	title = {La révolution culturelle chinoise sous le regard des Français (1966-1971)},
	isbn = {978-2-336-29908-2},
	url = {http://www.harmatheque.com/ebook/9782336299082},
	publisher = {L'Harmattan},
	author = {Boullenois, Camille and Bastid-Bruguière, Marianne and {Institut d'études politiques (Paris)}},
	urldate = {2019-01-14},
	date = {2013},
	note = {{OCLC}: 868486044},
}

@online{noauthor_catalogue_nodate,
	title = {Catalogue {SUDOC}},
	url = {http://www.sudoc.abes.fr/xslt//DB=2.1/SET=3/TTL=9/PRS=HOL/SHW?FRST=9&HLIB=751052342#751052342},
	urldate = {2019-01-12},
}

@collection{chevrier_citadins_2016,
	location = {Paris},
	title = {Citadins et citoyens dans la Chine du xxe siècle : Essais d'histoire sociale. En hommage à Marie-Claire Bergère},
	isbn = {978-2-7351-2089-5},
	url = {http://books.openedition.org/editionsmsh/4988},
	series = {Hors collection},
	shorttitle = {Citadins et citoyens dans la Chine du xxe siècle},
	abstract = {La Chine, qui a terminé sa révolution et a jeté les bases d'une gigantesque métamorphose, défie les catégories habituelles de la politique. L'énigme chinoise est ici mise en lumière à travers une histoire sociale des villes au xxe siècles, à la veille du basculement qui va faire d'un très ancien pays agraire une société dominée par l'urbain. Cette phase moderne de l’histoire en longue durée des sociétés urbaines chinoises, dans les contextes successifs des « traités inégaux » et des « concessions », de la dictature du Guomindang et de l'occupation japonaise, de la révolution et du régime maoïstes puis des réformes post-maoïstes, a fait l'objet des travaux de Marie-Claire Bergère à qui ce recueil d'essais rend hommage. Venus de Chine, d'Amérique et d'Europe, les auteurs écrivent moins l'histoire d'une démocratie absente, selon les formes institutionnelles prescrites, que celle d'un social travaillant sur lui-même en présence des pouvoirs qui se partagent le pays, à Shanghai, à Canton, à Tianjin et à Xi'an. Leur plongée au-dessous de la surface événementielle éclaire l'épaisseur historique des transformations, des mobilisations, des impasses et des paradoxes de la société chinoise au xxe siècle. C'est dire que cette histoire sociale revendique pleinement la grande tradition qui cherche dans l'enquête historique sur les sociétés les clés de l'intelligence du politique. Ce livre est en ce sens une grammaire historique du mouvement social et politique chinois actuel qui ne doit pas être réduit à un débat abstrait sur les droits de l'Homme},
	pagetotal = {X-604},
	publisher = {Éditions de la Maison des sciences de l’homme},
	editor = {Chevrier, Yves and Roux, Alain and Xiao-Planes, Xiaohong},
	urldate = {2019-01-11},
	date = {2016-02-08},
	langid = {french},
	keywords = {Beijing, Chine, Chine (République populaire de), Guangzhou, Parti communiste chinois, Shanghai, {XXème} siècle, citoyenneté, histoire, politique, sociologie urbaine, ville, villes},
}

@article{soubiron_architecture_2014,
	title = {Architecture radicale italienne : discours et représentations},
	url = {https://dumas.ccsd.cnrs.fr/dumas-01224444/document},
	shorttitle = {Architecture radicale italienne},
	abstract = {Travail de recherche et d'analyse d'un corpus d'images produites par les architectes radicaux italiens, à la lumière d'une première partie consacrée au contexte de l'époque de la production de ces images, dans le but d'en tirer la finalité.},
	pages = {128},
	author = {Soubiron, Hugo},
	urldate = {2019-01-10},
	date = {2014},
	langid = {french},
}

@misc{ministere_des_affaires_etrangeres_et_europeennes_france-chine_2010,
	title = {France-Chine, un partenariat pour l'avenir},
	url = {https://www.diplomatie.gouv.fr/IMG/pdf/France_Chine_BAT_Light18_10_2010.pdf},
	author = {Ministère des Affaires Etrangères et Européennes},
	date = {2010},
}

@article{glicenstein_bibliographie_1986,
	title = {Bibliographie sélective. Documents, ouvrages généraux, références},
	volume = {51},
	rights = {free},
	url = {https://www.persee.fr/doc/polit_0032-342x_1986_num_51_1_3568},
	pages = {290--304},
	number = {1},
	journaltitle = {Politique étrangère},
	author = {Glicenstein, Gilles and Vérine, Stéphane},
	urldate = {2019-01-08},
	date = {1986},
}

@article{mengin_politique_2001,
	title = {La politique chinoise de la France: Du mythe de la relation privilégiée au syndrome de la normalisation},
	volume = {12},
	issn = {1290-7839, 1777-554X},
	url = {http://www.cairn.info/revue-critique-internationale-2001-3-page-89.htm},
	doi = {10.3917/crii.012.0089},
	shorttitle = {La politique chinoise de la France},
	pages = {89},
	number = {3},
	journaltitle = {Critique internationale},
	author = {Mengin, Françoise},
	urldate = {2019-01-08},
	date = {2001},
	langid = {french},
}

@article{xuequian_politique_1983,
	title = {La politique extérieure de la Chine [Entretien avec Wu Xuequian]: Entretien avec Wu Xuequian},
	volume = {48},
	issn = {0032-342X},
	url = {https://www.persee.fr/doc/polit_0032-342x_1983_num_48_2_3302},
	doi = {10.3406/polit.1983.3302},
	shorttitle = {La politique extérieure de la Chine [Entretien avec Wu Xuequian]},
	pages = {277--282},
	number = {2},
	journaltitle = {Politique étrangère},
	author = {Xuequian, Wu and Moïsi, Dominique},
	urldate = {2019-01-08},
	date = {1983},
	langid = {french},
}

@article{menant_allocution_2009,
	title = {Allocution du Président au {LXe} congrès de l’association},
	volume = {61},
	rights = {free},
	url = {https://www.persee.fr/doc/caief_0571-5865_2009_num_61_1_2563},
	doi = {10.3406/caief.2009.2563},
	pages = {5--7},
	number = {1},
	journaltitle = {Cahiers de l'{AIEF}},
	author = {Menant, Sylvain},
	urldate = {2019-01-08},
	date = {2009},
}

@online{menant_allocution_2009-1,
	title = {Allocution du Président au {LXe} congrès de l’association},
	url = {https://isidore.science/document/10.3406/caief.2009.2563},
	abstract = {Menant Sylvain. Allocution du Président au {LXe} congrès de l’association. In: Cahiers de l'Association internationale des études francaises, 2009, n°61. pp. 5-7.},
	type = {http://www.rechercheisidore.fr/ontology\#article},
	author = {Menant, Sylvain},
	urldate = {2019-01-08},
	date = {2009},
	doi = {http://isidore.science/document/10.3406/caief.2009.2563},
}

@book{bastid_leducation_1973,
	title = {L'éducation en Chine: tradition et révolution},
	shorttitle = {L'éducation en Chine},
	pagetotal = {23},
	publisher = {Institut universitaire des hautes études internationales, Centre de documentation et de recherche sur l'Asie},
	author = {Bastid, Marianne},
	date = {1973},
	langid = {french},
	note = {Google-Books-{ID}: {sywaNQAACAAJ}},
}

@thesis{william_exode_2014,
	location = {Bordeaux},
	title = {L'exode des étudiants chinois à l'étranger},
	url = {https://www.researchgate.net/publication/263264469_L%27exode_des_etudiants_chinois_a_l%27etranger},
	institution = {Bordeaux Montaigne},
	type = {phdthesis},
	author = {William, Goldstick},
	date = {2014},
}

@article{jean-luc_les_nodate,
	title = {Les Relations franco-chinoises et la modernisation de la Chine (1964-1979)},
	url = {https://www.jstor.org/stable/43436595},
	journaltitle = {Bulletin Mensuel (Antenne française de sinologie à Hong Kong)},
	author = {Jean-Luc, Domenach},
}

@software{zhi_research_2018,
	title = {The Research on China’s Foreign Policy in the Cold War Period},
	url = {http://edizionicafoscari.unive.it/libri/978-88-6969-221-5/the-research-on-chinas-foreign-policy-in-the-cold-/},
	abstract = {\&lt;div\&gt;
  \&lt;p\&gt;China was a very important regional power that influenced the fundamental pattern of confrontation and détente between the two blocs. With the emergence of new historical documents and the adoption of new methods, Chinese scholars have conducted a few discussions on China’s foreign policy during the Cold War period since 2001. Their research activity is important for at least three reasons: first, thanks to the analysis of new historical material Chinese scholars have opened up many new research questions; second, it has constantly enlarged the field of analysis focusing on high level external contacts and lower strata grassroots exchange; third, a research team characterised by a reasonable age distribution is being formed in China. Moreover, China has already created two major institutions for scientific research and documentary collection located in the south and the north of the country: the Centre for Cold War International History Studies at East China Normal University and the School of History at Capital Normal University. Certainly, there are still shortcomings in Chinese research on China’s foreign policy during the Cold War and Chinese scholars themselves are attempting to address the problems.\&lt;/p\&gt;
\&lt;/div\&gt;},
	version = {1.0},
	publisher = {Università Ca’ Foscari Venezia, Italia},
	author = {Zhi, Liang and Zhihua, Shen},
	urldate = {2018-12-13},
	date = {2018},
	doi = {10.14277/6969-220-8/SV-5-1},
}

@software{robin_france_2018,
	title = {France Facing the People’s Republic of China (1949-1964): a Policy of Economic Relations Under Control},
	url = {http://edizionicafoscari.unive.it/libri/978-88-6969-221-5/france-facing-the-peoples-republic-of-china-1949-1/},
	shorttitle = {France Facing the People’s Republic of China (1949-1964)},
	abstract = {\&lt;div\&gt;
  \&lt;p\&gt;This contribution brings to light a French policy widely subjected to the Indo-Chinese interests, to the multilateral system of control of the exchanges and, more globally, to the American politics. The attitude of the French government is marked with the seal of the opportunism, and by the will to create \&lt;i\&gt;de facto\&lt;/i\&gt; economic relations with the Chinese, in the biggest possible discretion. The Gaullist decision of January 1964 to create diplomatic relations with the {PRC} takes place in a phase of intensification of the economic, technical and commercial relations.\&lt;/p\&gt;
\&lt;/div\&gt;},
	version = {1.0},
	publisher = {Università Ca’ Foscari Venezia, Italia},
	author = {Robin, Thierry},
	urldate = {2018-12-13},
	date = {2018},
	doi = {10.14277/6969-220-8/SV-5-5},
}

@inbook{samarani_living_2018,
	location = {Venice},
	title = {Living in Mao’s China: The European Experience 1949-1969},
	volume = {5},
	isbn = {978-88-6969-221-5 978-88-6969-220-8},
	url = {http://edizionicafoscari.unive.it/libri/978-88-6969-221-5/living-in-maos-china/},
	shorttitle = {Living in Mao’s China},
	booktitle = {Sinica venetiana},
	publisher = {Edizioni Ca' Foscari},
	author = {Hooper, Beverley},
	bookauthor = {Samarani, Guido and Meneguzzi Rostagni, Carla and Graziani, Sofia},
	urldate = {2018-12-13},
	date = {2018-05-03},
	doi = {10.30687/978-88-6969-220-8/003},
}

@article{hayhoe_comparative_1985,
	title = {A Comparative Approach to the Cultural Dynamics of Sino-Western Educational Co-operation},
	volume = {104},
	issn = {0305-7410, 1468-2648},
	url = {http://www.journals.cambridge.org/abstract_S0305741000033361},
	doi = {10.1017/S0305741000033361},
	pages = {676},
	journaltitle = {The China Quarterly},
	author = {Hayhoe, Ruth E. S.},
	urldate = {2018-12-13},
	date = {1985-12},
	langid = {english},
}

@collection{mialaret_histoire_1981,
	location = {Paris},
	title = {Histoire mondiale de l'éducation. 4: De 1945 à nos jours},
	isbn = {978-2-13-036812-0},
	shorttitle = {Histoire mondiale de l'éducation. 4},
	pagetotal = {558},
	publisher = {Presses universitaires de France},
	editor = {Mialaret, Gaston and Vial, Jean},
	date = {1981},
	note = {{OCLC}: 256419429},
}

@book{cabestan_systeme_2014,
	location = {Paris},
	title = {Le système politique chinois: un nouvel équilibre autoritaire},
	isbn = {978-2-7246-1503-6 978-2-7246-1500-5 978-2-7246-1501-2 978-2-7246-1502-9},
	series = {Références Monde et sociétés},
	shorttitle = {Le système politique chinois},
	pagetotal = {708},
	publisher = {Presses de la Fondation nationale des sciences politiques},
	author = {Cabestan, Jean-Pierre},
	date = {2014},
	note = {{OCLC}: 931650437},
}

@book{cabestan_politique_2010,
	location = {Paris},
	title = {La politique internationale de la Chine: entre intégration et volonté de puissance},
	isbn = {978-2-7246-1157-1},
	series = {Références. Mondes},
	shorttitle = {La politique internationale de la Chine},
	pagetotal = {460},
	publisher = {Presses de la Fondation nationale des sciences politiques},
	author = {Cabestan, Jean-Pierre},
	date = {2010},
	keywords = {20th century, 21st century, China, Foreign relations, National securit},
}

@article{vergnaud_longue_2018,
	title = {La longue marche vers l’internationalisation de l’enseignement supérieur chinois},
	volume = {168},
	issn = {0338-487X, 1776-2987},
	url = {http://www.cairn.info/revue-herodote-2018-1-page-59.htm},
	doi = {10.3917/her.168.0059},
	pages = {59},
	number = {1},
	journaltitle = {Hérodote},
	author = {Vergnaud, Jean-François and Palisse, Alain-James},
	urldate = {2018-12-05},
	date = {2018},
	langid = {french},
}

@book{hayhoe_chinas_2017,
	title = {China's Universities, 1895-1995: A Century of Cultural Conflict},
	isbn = {978-1-351-38744-6 978-1-351-38742-2},
	shorttitle = {China's Universities, 1895-1995},
	abstract = {"This reissue (1996) provides an in-depth analysis of the development of the Chinese university during the twentieth century a period of momentous social, economic, cultural and political change. It brings together reflections on the Chinese university and its role in the two great experiments of modern China: Nationalist efforts to create a modern state as part of capitalist modernisation, and the Communist project of socialist construction under Soviet tutelage. In addition to these two frames of discourse, other models and patterns are examined: for instance, the persistence of cultural patterns, or Maoist revolutionary thought."--Provided by publisher.},
	author = {Hayhoe, Ruth},
	date = {2017},
	note = {{OCLC}: 1069704955},
}

@book{fairbank_great_1988,
	location = {New York},
	edition = {2. printing},
	title = {The great Chinese Revolution: 1800 - 1985},
	isbn = {978-0-06-039057-0},
	series = {A Cornelia \& Michael Bessie Book},
	shorttitle = {The great Chinese Revolution},
	pagetotal = {396},
	publisher = {Harper \& Row},
	author = {Fairbank, John King},
	date = {1988},
	note = {{OCLC}: 247918815},
}

@inproceedings{noauthor_notitle_nodate,
}

@book{abadie_entrevista_nodate,
	title = {Entrevista a Soto},
	author = {Abadie, Daniel},
}

@misc{noauthor_entrevista_nodate,
	title = {Entrevista a Soto},
}

@collection{ades_arte_1989,
	location = {Madrid},
	title = {Arte en Iberoamérica, 1820-1980: Palacio de Velázquez, 14 de diciembre de 1989-4 de marzo de 1990},
	isbn = {978-84-7506-297-6},
	series = {Colección Encuentros},
	shorttitle = {Arte en Iberoamérica, 1820-1980},
	pagetotal = {359},
	publisher = {Turner},
	editor = {Ades, Dawn and Palacio de Velázquez (Madrid, Spain)},
	date = {1989},
	keywords = {19th century, 20th century, Art, Latin American, Artists, Biography, Exhibitions, Latin America},
}

@article{plante_les_2010,
	title = {\textit{Les Sud‐américains de Paris} : Latin American Artists and Cultural Resistance in \textit{Robho} Magazine},
	volume = {24},
	issn = {0952-8822, 1475-5297},
	url = {http://www.tandfonline.com/doi/full/10.1080/09528822.2010.491375},
	doi = {10.1080/09528822.2010.491375},
	shorttitle = {\textit{Les Sud‐américains de Paris}},
	pages = {445--455},
	number = {4},
	journaltitle = {Third Text},
	author = {Plante, Isabel},
	urldate = {2018-11-17},
	date = {2010-07},
	langid = {english},
}

@article{noauthor_notitle_nodate-1,
}

@book{gulik_sexual_2003,
	location = {Leiden ; Boston},
	title = {Sexual life in ancient China: a preliminary survey of Chinese sex and society from ca. 1500 B.C. till 1644 A.D},
	isbn = {978-90-04-12601-5},
	series = {Sinica Leidensia},
	shorttitle = {Sexual life in ancient China},
	pagetotal = {380},
	number = {v. 57},
	publisher = {Brill},
	author = {Gulik, Robert Hans van and Goldin, Paul Rakita},
	date = {2003},
	keywords = {China, History, Sex customs, Social life and customs},
}

@book{harper_early_2015,
	location = {London},
	title = {Early Chinese medical literature: the Mawangdui medical manuscripts},
	isbn = {978-1-138-96808-0},
	series = {The Sir Henry Wellcome Asian series},
	shorttitle = {Early Chinese medical literature},
	pagetotal = {549},
	publisher = {Routledge},
	author = {Harper, Donald},
	date = {2015},
}

@article{bel_chinafrique_2015,
	title = {La Chinafrique en contextes universitaires: Une francophonie non prévue ?},
	volume = {12},
	issn = {1958-5772},
	url = {http://journals.openedition.org/rdlc/366},
	doi = {10.4000/rdlc.366},
	shorttitle = {La Chinafrique en contextes universitaires},
	number = {1},
	journaltitle = {Recherches en didactique des langues et des cultures},
	author = {Bel, David and Feussi, Valentin},
	urldate = {2018-10-04},
	date = {2015-06-01},
}

@article{cabestan_les_2013,
	title = {Les relations Chine-Afrique : nouvelles responsabilités et nouveaux défis d'une puissance mondiale en devenir},
	volume = {150},
	issn = {0338-487X, 1776-2987},
	url = {http://www.cairn.info/revue-herodote-2013-3-page-150.htm},
	doi = {10.3917/her.150.0150},
	shorttitle = {Les relations Chine-Afrique},
	pages = {150},
	number = {3},
	journaltitle = {Hérodote},
	author = {Cabestan, Jean-Pierre},
	urldate = {2018-10-04},
	date = {2013},
	langid = {french},
}

@collection{dreyfus-armand_les_2008,
	location = {Bruxelles},
	title = {Les années 68: le temps de la contestation},
	isbn = {978-2-8048-0138-0},
	series = {Historiques},
	shorttitle = {Les années 68},
	pagetotal = {525},
	number = {162},
	publisher = {Ed. Complexe},
	editor = {Dreyfus-Armand, Geneviève and Le Puloch, Maryvonne and Baecque, Antoine de},
	date = {2008},
	note = {{OCLC}: 263759950},
}

@article{milza_italie_1988,
	title = {Italie 1968 : "le mai rampant".},
	volume = {11},
	issn = {0769-3206},
	url = {https://www.persee.fr/doc/mat_0769-3206_1988_num_11_1_403823},
	doi = {10.3406/mat.1988.403823},
	shorttitle = {Italie 1968},
	pages = {38--41},
	number = {1},
	journaltitle = {Matériaux pour l'histoire de notre temps},
	author = {Milza, Pierre},
	urldate = {2018-05-30},
	date = {1988},
	langid = {french},
}

@book{horn_spirit_2007,
	location = {Oxford ; New York},
	title = {The spirit of '68: rebellion in Western Europe and North America, 1956-1976},
	isbn = {978-0-19-927666-0},
	shorttitle = {The spirit of '68},
	pagetotal = {254},
	publisher = {Oxford University Press},
	author = {Horn, Gerd-Rainer},
	date = {2007},
	note = {{OCLC}: ocm71807826},
	keywords = {1945-, 20th century, Europe, Western, History, Social movements, United States},
}

@book{sahlins_confucius_2015,
	location = {Chicago, Ill},
	title = {Confucius Institutes: academic malware},
	isbn = {978-0-9842010-8-2},
	series = {Paradigm},
	shorttitle = {Confucius Institutes},
	pagetotal = {65},
	number = {48},
	publisher = {Prickly Paradigm Press},
	author = {Sahlins, Marshall David},
	date = {2015},
	note = {{OCLC}: 890621325},
}

@book{fingarette_confucius:_1972,
	location = {New York},
	title = {Confucius: the secular as sacred},
	isbn = {978-0-06-131682-1},
	series = {Harper torchbooks},
	shorttitle = {Confucius},
	pagetotal = {84},
	number = {1682},
	publisher = {Harper \& Row},
	author = {Fingarette, Herbert},
	date = {1972},
	note = {{OCLC}: 832487699},
}

@book{fredrickson_black_1972,
	location = {New York},
	title = {The black image in the white mind: the debate on Afro-American character and destiny, 1817 - 1914},
	isbn = {978-0-06-131688-3},
	series = {Harper torchbooks},
	shorttitle = {The black image in the white mind},
	pagetotal = {343},
	number = {1688},
	publisher = {Harper and Row},
	author = {Fredrickson, George M.},
	date = {1972},
	note = {{OCLC}: 416126},
}

@article{bougon_en_2016,
	location = {Paris},
	edition = {Le Monde idées},
	title = {En Chine, un grand bond vers Confucius},
	journaltitle = {Le Monde},
	author = {Bougon, François},
	date = {2016-10-13},
}

@article{jean-francois_longue_2018,
	title = {La longue marche vers l'internationalisation de l'enseignement supérieur chinois},
	series = {Hérodote},
	pages = {59--79},
	number = {168},
	journaltitle = {La Découverte},
	author = {Jean-François, Vergnaud and Alain-James, Palisse},
	date = {2018},
}

@book{burbank_empires:_2011,
	location = {Paris},
	title = {Empires: de la Chine ancienne à nos jours},
	isbn = {978-2-228-90682-1},
	shorttitle = {Empires},
	publisher = {Payot},
	author = {Burbank, Jane and Cooper, Frederick and Jeanmougin, Christian},
	date = {2011},
	note = {{OCLC}: 908267963},
}

@misc{noauthor__nodate,
	title = {汉语桥中学比赛},
}

@book{cheng_histoire_2014,
	location = {Paris},
	title = {Histoire de la pensée chinoise},
	isbn = {978-2-7578-4444-1},
	abstract = {Une synthèse de l'évolution de la pensée chinoise, de la dynastie des Shang, au deuxième millénaire avant notre ère, au mouvement du 4 mai 1919 qui marque à la fois la rupture avec le passé et le renouveau d'une pensée qui s'ouvre, depuis l'ère moderne, au monde occidental.},
	publisher = {Éd. Points},
	author = {Cheng, Anne},
	date = {2014},
	note = {{OCLC}: 899367273},
}

@collection{lai_chinas_2012,
	location = {New York},
	edition = {1st ed},
	title = {China's soft power and international relations},
	isbn = {978-0-415-60401-7 978-0-203-12209-9},
	series = {China policy series},
	pagetotal = {216},
	number = {23},
	publisher = {Routledge},
	editor = {Lai, Hongyi and Lu, Yiyi},
	date = {2012},
	keywords = {21st century, China, Foreign relations, Foreign relations Philosophy},
}

@movie{boeken_nous_1986,
	title = {Nous l'avons tant aimée la révolution},
	abstract = {la Révolte, le Prolétariat, la Guerre et la Démocratie.},
	publisher = {France 3},
	editora = {Boeken, Ludi and Cohn-Bendit, Daniel},
	editoratype = {collaborator},
	date = {1986},
}

@collection{klimke_1968_2008,
	location = {New York},
	edition = {1st ed},
	title = {1968 in Europe: a history of protest and activism, 1956-1977},
	isbn = {978-0-230-60619-7 978-0-230-60620-3},
	series = {Palgrave Macmillan transnational history series},
	shorttitle = {1968 in Europe},
	pagetotal = {344},
	publisher = {Palgrave Macmillan},
	editor = {Klimke, Martin and Scharloth, Joachim},
	date = {2008},
	note = {{OCLC}: ocn174138862},
	keywords = {Case studies, Europe, Protest movements},
}

@collection{artieres_68_2015,
	location = {Paris},
	title = {68, une histoire collective: 1962 - 1981},
	isbn = {978-2-7071-8588-4},
	series = {La Découverte poche Essais},
	shorttitle = {68, une histoire collective},
	pagetotal = {849},
	number = {424},
	publisher = {La Decouverte},
	editor = {Artières, Philippe and Zancarini-Fournel, Michelle},
	date = {2015},
	note = {{OCLC}: 910538745},
}

@book{zancarini-fournel_moment_2008,
	location = {Paris},
	title = {Le moment 68: une histoire contestée},
	isbn = {978-2-02-089891-1},
	series = {Univers historique},
	shorttitle = {Le moment 68},
	pagetotal = {313},
	publisher = {Seuil},
	author = {Zancarini-Fournel, Michelle},
	date = {2008},
	note = {{OCLC}: ocn226166201},
	keywords = {1958-1969, 20th century, France, France Paris, General Strike, France, 1968, History, Politics and government, Riots, Student movements},
}

@collection{drame_1968_2009,
	location = {Laval (Québec)},
	title = {1968 [mille neuf cent soixante huit], des sociétés en crise une perspective globale.},
	isbn = {978-2-7637-8911-8},
	publisher = {Presses universitaires de Laval},
	editor = {Dramé, Patrick-Papa and Lamarre, Jean},
	date = {2009},
	note = {{OCLC}: 690833215},
}

@incollection{cohen_india_2013,
	title = {India},
	isbn = {9780815721864},
	url = {http://www.jstor.org/stable/10.7864/j.ctt4cg8gm.8},
	series = {The India-Pakistan Conundrum},
	abstract = {Indian attitudes toward normalization with Pakistan have always been complex—sometimes a euphemism for confused. Few other issues have generated as deep a conflict between Indian adherence to cherished ideals on the one hand, and hard military, economic, and political realities on the other.
Most Indian leaders opposed the creation of Pakistan on the grounds of principle—a Muslim, let alone an “Islamic,” country flew in the face of the ideal of a unified, secular state. Prime Minister Jawaharlal Nehru, who steered India until his death in 1964, was the chief proponent of this view, and he was not shy},
	pages = {60--87},
	booktitle = {Shooting for a Century},
	publisher = {Brookings Institution Press},
	editor = {{COHEN}, {STEPHEN} P.},
	urldate = {2018-03-13},
	date = {2013},
}

@collection{nicault_les_2016,
	location = {Paris},
	title = {Les expositions internationales, mises en scène de la modernité},
	isbn = {978-2-13-065120-8},
	series = {Relations internationales},
	number = {[hiver (janvier-mars) 2016] =164},
	publisher = {{PUF}},
	editor = {Nicault, Catherine},
	date = {2016},
	note = {{OCLC}: 936373024},
}

@book{lautreamont_cantos_2007,
	location = {Barcelona},
	title = {Los cantos de Maldoror},
	isbn = {978-84-96694-48-4},
	publisher = {La Otra Orilla},
	author = {{Lautréamont} and Serrat Crespo, Manuel},
	date = {2007},
	note = {{OCLC}: 434510629},
}

@book{citron_mythe_2008,
	location = {Ivry-sur-Seine},
	title = {Le mythe national: l'histoire de France revisitée},
	isbn = {978-2-7082-3992-0},
	series = {L'Atelier en poche},
	shorttitle = {Le mythe national},
	pagetotal = {351},
	publisher = {Ed. de l'Atelier},
	author = {Citron, Suzanne},
	date = {2008},
	note = {{OCLC}: 300152772},
}

@book{tombs_france_2012,
	location = {Paris},
	title = {La France et le Royaume-Uni des ennemis intimes},
	isbn = {978-2-200-25565-7},
	url = {http://www.numilog.com/bibliotheque/bnquebec/fiche_livre.asp?idprod=155472},
	publisher = {Colin},
	author = {Tombs, Robert and Tombs, Isabelle},
	urldate = {2018-03-08},
	date = {2012},
	note = {{OCLC}: 937815926},
}

@book{renouvin_introduction_2016,
	location = {Paris},
	edition = {4. éd., reimpr},
	title = {Introduction à l'histoire des relations internationales},
	isbn = {978-2-266-17310-0},
	series = {Agora},
	pagetotal = {526},
	number = {182},
	publisher = {Colin},
	author = {Renouvin, Pierre and Duroselle, Jean-Baptiste},
	date = {2016},
}

@inreference{buirette_protectorat_nodate,
	title = {Protectorat},
	url = {http://www.universalis-edu.com/encyclopedie/protectorat/},
	booktitle = {Encyclopaedia Universalis en ligne},
	author = {Buirette, Patricia},
	urldate = {2018-02-14},
}

@book{stuart_french_1921,
	location = {New York City},
	edition = {The Century Co.},
	title = {French Foreign Policy, Frome Fashoda to Serajevo (1898-1914)},
	isbn = {978-1-346-66384-5},
	pagetotal = {392},
	author = {Stuart, Graham H.},
	date = {1921},
}

@article{badel_introduction._2014,
	title = {Introduction. Une histoire globale de la diplomatie ?},
	volume = {5},
	issn = {2261-6268, 2260-7927},
	url = {http://www.cairn.info/revue-mondes-2014-1-page-6.htm},
	doi = {10.3917/mond.141.0006},
	pages = {6},
	number = {1},
	journaltitle = {Monde(s)},
	author = {Badel, Laurence and Jeannesson, Stanislas},
	urldate = {2018-03-02},
	date = {2014},
	langid = {french},
}

@book{hobsbawm_lere_2007,
	location = {Paris},
	title = {L'Ère des empires 1875-1914},
	isbn = {978-2-01-278997-5},
	publisher = {Fayard},
	author = {Hobsbawm, Eric John and Carnaud, Jacqueline and Lahana, Jacqueline},
	date = {2007},
	note = {{OCLC}: 495358604},
}
@incollection{venier_theophile_2014,
	location = {United Kingdom},
	edition = {Palgrave Macmillan},
	title = {Théophile Delcassé and the Question of Intervention in the Anglo-Boer War, October 1899-March 1900},
	isbn = {978-1-349-42258-6},
	booktitle = {Anglo-french relations 1898-1998: from fashoda to jospin.},
	publisher = {Chassaigne P., Dockrill M.},
	author = {Venier, Pascal},
	date = {2014},
	note = {{OCLC}: 951517476},
}

@incollection{crouzet_elie_2014,
	location = {United Kingdom},
	edition = {Palgrave Macmillan},
	title = {Elie Halévy and Anglo-French Relations, 1898-1905},
	isbn = {978-1-349-42258-6},
	booktitle = {Anglo-french relations 1898-1998: from fashoda to jospin.},
	publisher = {Chassaigne P., Dockrill M.},
	author = {Crouzet, François},
	date = {2014},
	note = {{OCLC}: 951517476},
}

@book{noauthor_anglo-french_2014,
	location = {United Kingdom},
	edition = {Palgrave Macmillan},
	title = {Anglo-french relations 1898-1998: from fashoda to jospin.},
	isbn = {978-1-349-42258-6},
	shorttitle = {Anglo-french relations 1898-1998},
	publisher = {Chassaigne P., Dockrill M.},
	date = {2014},
	note = {{OCLC}: 951517476},
}

@incollection{brailey_anglo-french_2014,
	location = {United Kingdom},
	edition = {Palgrave Macmillan},
	title = {Anglo-French Rivalry over Siam and the Treaties of April 1904},
	isbn = {978-1-349-42258-6},
	booktitle = {Anglo-french relations 1898-1998: from fashoda to jospin.},
	publisher = {Chassaigne P., Dockrill M.},
	author = {Brailey, Nigel},
	date = {2014},
	note = {{OCLC}: 951517476},
}

@article{schaub_les_2017,
	title = {Les Indes, la Chine, l'Europe : une histoire commune},
	series = {Critique},
	pages = {592--606},
	number = {841},
	author = {Schaub, Jean-Frédéric},
	date = {2017},
}

@article{chafer_cooperation_2010,
	title = {La coopération entre la France et le Royaume-Uni en Afrique: Des capacités sous-utilisées},
	volume = {236},
	issn = {0002-0478, 1782-138X},
	url = {http://www.cairn.info/revue-afrique-contemporaine-2010-4-page-130.htm},
	doi = {10.3917/afco.236.0130},
	shorttitle = {La coopération entre la France et le Royaume-Uni en Afrique},
	pages = {130},
	number = {4},
	journaltitle = {Afrique contemporaine},
	author = {Chafer, Tony and Cumming, Gordon D.},
	urldate = {2018-02-12},
	date = {2010},
	langid = {french},
}

@book{baudelot_durkheim_2007,
	location = {Paris},
	edition = {7. éd},
	title = {Durkheim et le suicide},
	isbn = {978-2-13-056018-0 978-2-13-045694-0},
	series = {Philosophies},
	pagetotal = {125},
	number = {3},
	publisher = {Presses Univ. de France},
	author = {Baudelot, Christian and Establet, Roger},
	date = {2007},
	note = {{OCLC}: 255877082},
}

@collection{cartier_salariat_2010,
	location = {Rennes},
	title = {Le salariat à statut: genèses et cultures},
	isbn = {978-2-7535-1207-8},
	series = {Pour une histoire du travail},
	shorttitle = {Le salariat à statut},
	pagetotal = {326},
	publisher = {Presses Universitaires de Rennes},
	editor = {Cartier, Marie and Retière, Jean-Noël and Siblot, Yasmine},
	date = {2010},
}

@book{fontaine_fin_2014,
	location = {Paris},
	title = {Fin d'un monde ouvrier: Lievin, 1974},
	isbn = {978-2-7132-2458-4},
	series = {Cas de figure},
	shorttitle = {Fin d'un monde ouvrier},
	pagetotal = {238},
	publisher = {Éditions {EHESS}},
	author = {Fontaine, Marion},
	date = {2014},
	keywords = {Coal mine accidents, France Lievin},
}